<record><header><identifier>oai:alma.41SLSP_UGE:991000007569705502</identifier><datestamp>2023-04-19T00:09:52Z</datestamp><setSpec>UNIGE_ALL</setSpec></header><metadata>
<record xmlns="http://www.loc.gov/MARC21/slim" xmlns:xsi="http://www.w3.org/2001/XMLSchema-instance" xsi:schemaLocation="http://www.loc.gov/MARC21/slim http://www.loc.gov/standards/marcxml/schema/MARC21slim.xsd"><leader>01691njm a2200337 c 4500</leader><controlfield tag="001">991000007569705502</controlfield><controlfield tag="005">20210206203308.0</controlfield><controlfield tag="007">sd f||g|||||||</controlfield><controlfield tag="008">140828s2014    xx ||n |            und d</controlfield><datafield ind1="0" ind2="2" tag="028"><subfield code="a">Jazz Village JV 570053.55</subfield></datafield><datafield ind1=" " ind2=" " tag="035"><subfield code="a">(swissbib)120467704-41slsp_network</subfield></datafield><datafield ind1=" " ind2=" " tag="035"><subfield code="a">120467704</subfield><subfield code="9">ExL</subfield></datafield><datafield ind1=" " ind2=" " tag="035"><subfield code="a">(RERO)R007858689-41slsp</subfield></datafield><datafield ind1=" " ind2=" " tag="035"><subfield code="a">(EXLNZ-41SLSP_NETWORK)991141704309705501</subfield></datafield><datafield ind1=" " ind2=" " tag="040"><subfield code="a">RERO vdbcul</subfield><subfield code="d">CH-ZuSLS</subfield></datafield><datafield ind1=" " ind2="7" tag="072"><subfield code="a">mu</subfield><subfield code="2">rero</subfield></datafield><datafield ind1="1" ind2=" " tag="100"><subfield code="a">Jamal, Ahmad</subfield><subfield code="d">1930-2023</subfield><subfield code="0">(IDREF)086914871</subfield><subfield code="4">cre</subfield></datafield><datafield ind1="1" ind2="0" tag="245"><subfield code="a">Ahmad Jamal featuring Yusef Lateef</subfield><subfield code="b">live at the Olympia : June 27, 2012 : the music and the film of the complete concert</subfield></datafield><datafield ind1=" " ind2="1" tag="264"><subfield code="a">[Lieu de publication non identifié]</subfield><subfield code="b">Jazz Village</subfield><subfield code="c">2014</subfield></datafield><datafield ind1=" " ind2=" " tag="300"><subfield code="a">2 disques compacts</subfield><subfield code="e">1 DVD-vidéo</subfield></datafield><datafield ind1=" " ind2=" " tag="336"><subfield code="b">prm</subfield><subfield code="2">rdacontent</subfield></datafield><datafield ind1=" " ind2=" " tag="337"><subfield code="b">s</subfield><subfield code="2">rdamedia</subfield></datafield><datafield ind1=" " ind2=" " tag="338"><subfield code="b">sd</subfield><subfield code="2">rdacarrier</subfield></datafield><datafield ind1="0" ind2=" " tag="505"><subfield code="a">CD 1: Autumn Rain ; Blue Moon ; The Gypsy ; Invitation ; I Remember Italy ; Laura ; Morning Mist ; This Is the Life</subfield></datafield><datafield ind1="0" ind2=" " tag="505"><subfield code="a">CD 2: Exatogi ; Masara ; Trouble in Mind ; Brother Hold Your Light ; Blue Moon (Encore) ; Poinciana</subfield></datafield><datafield ind1="0" ind2=" " tag="505"><subfield code="a">DVD: Autumn Rain ; Blue Moon ; The Gypsy ; Invitation ; I Remember Italy ; Laura ; Morning Mist ; This Is the Life ; Exatogi ; Masara ; Trouble in Mind ; Brother Hold Your Light ; Blue Moon (Encore) ;  Poinciana</subfield></datafield><datafield ind1="0" ind2=" " tag="511"><subfield code="a">Ahmad Jamal (piano) ; Yusef Lateef (saxophones, flût) ; Reginald Veal (contrebasse) ; Herlin Riley (batterie) ; Manolo Badrena (percussion)</subfield></datafield><datafield ind1="1" ind2=" " tag="700"><subfield code="a">Lateef, Yusef</subfield><subfield code="d">1920-2013</subfield><subfield code="0">(IDREF)035098414</subfield></datafield><datafield ind1="1" ind2=" " tag="700"><subfield code="a">Veal, Reginald</subfield><subfield code="d">1963-....</subfield><subfield code="0">(IDREF)079460941</subfield></datafield><datafield ind1="1" ind2=" " tag="700"><subfield code="a">Riley, Herlin</subfield><subfield code="d">1957-....</subfield><subfield code="0">(IDREF)079460968</subfield></datafield><datafield ind1="1" ind2=" " tag="700"><subfield code="a">Badrena, Manolo</subfield><subfield code="c">percussionniste</subfield><subfield code="d">1952-....</subfield><subfield code="0">(IDREF)129606278</subfield></datafield><datafield ind1=" " ind2=" " tag="900"><subfield code="a">REROnoselfmerge</subfield></datafield></record>
</metadata></record>