<record><header><identifier>oai:alma.41SLSP_UGE:991000010429705502</identifier><datestamp>2023-07-03T00:42:28Z</datestamp><setSpec>uge_bcen_RapidILL_BOOK</setSpec><setSpec>uge_aaca_RapidILL_BOOK</setSpec><setSpec>uge_abels_RapidILL_BOOK</setSpec><setSpec>uge_dbu_RapidILL_BOOK</setSpec><setSpec>uge_cmu_RapidILL_BOOK</setSpec><setSpec>uge_mail_RapidILL_BOOK</setSpec><setSpec>uge_abbat_RapidILL_BOOK</setSpec><setSpec>UNIGE_ALL</setSpec><setSpec>uge_aobs_RapidILL_BOOK</setSpec><setSpec>uge_acar_RapidILL_BOOK</setSpec></header><metadata>
<record xmlns="http://www.loc.gov/MARC21/slim" xmlns:xsi="http://www.w3.org/2001/XMLSchema-instance" xsi:schemaLocation="http://www.loc.gov/MARC21/slim http://www.loc.gov/standards/marcxml/schema/MARC21slim.xsd"><leader>03891nam a2200589 c 4500</leader><controlfield tag="001">991000010429705502</controlfield><controlfield tag="005">20230702064631.0</controlfield><controlfield tag="008">201012s2012    fr            00| | fre|d</controlfield><datafield ind1="7" ind2=" " tag="016"><subfield code="a">FRBNF427580120000002</subfield><subfield code="2">FrPBN</subfield></datafield><datafield ind1=" " ind2=" " tag="020"><subfield code="a">9782707174390</subfield><subfield code="c">EUR 39</subfield></datafield><datafield ind1="7" ind2=" " tag="024"><subfield code="a">http://catalogue.bnf.fr/ark:/12148/cb42758012x</subfield><subfield code="2">uri</subfield></datafield><datafield ind1=" " ind2=" " tag="035"><subfield code="a">(swissbib)237674181-41slsp_network</subfield></datafield><datafield ind1=" " ind2=" " tag="035"><subfield code="a">237674181</subfield><subfield code="9">ExL</subfield></datafield><datafield ind1=" " ind2=" " tag="035"><subfield code="a">(IDSBB)006146631DSV01</subfield></datafield><datafield ind1=" " ind2=" " tag="035"><subfield code="a">(RERO)R007159671-41slsp</subfield></datafield><datafield ind1=" " ind2=" " tag="035"><subfield code="a">(IDSSG)000632365HSB01</subfield></datafield><datafield ind1=" " ind2=" " tag="035"><subfield code="a">(IDSLU)001149590ILU01</subfield></datafield><datafield ind1=" " ind2=" " tag="035"><subfield code="a">(OCoLC)815192786</subfield></datafield><datafield ind1=" " ind2=" " tag="035"><subfield code="a">(EXLNZ-41SLSP_NETWORK)991113552209705501</subfield></datafield><datafield ind1=" " ind2=" " tag="040"><subfield code="a">RERO labcur</subfield><subfield code="e">kids</subfield><subfield code="d">CH-ZuSLS</subfield></datafield><datafield ind1=" " ind2="7" tag="072"><subfield code="a">sp</subfield><subfield code="2">rero</subfield></datafield><datafield ind1=" " ind2="7" tag="072"><subfield code="a">011</subfield><subfield code="2">IDS LU</subfield></datafield><datafield ind1="1" ind2="4" tag="082"><subfield code="a">302.35</subfield><subfield code="2">22</subfield></datafield><datafield ind1=" " ind2=" " tag="084"><subfield code="a">MS 5650</subfield><subfield code="2">rvk</subfield></datafield><datafield ind1="1" ind2=" " tag="100"><subfield code="6">880-01</subfield><subfield code="a">Hibou, Béatrice</subfield><subfield code="c">politiste</subfield><subfield code="d">19..-....</subfield><subfield code="0">(IDREF)034294228</subfield><subfield code="4">cre</subfield></datafield><datafield ind1="1" ind2=" " tag="880"><subfield code="a">Hibou, Béatrice</subfield><subfield code="d">ca. 20./21. Jh.</subfield><subfield code="0">(DE-588)12378171X</subfield><subfield code="6">100-01</subfield></datafield><datafield ind1="1" ind2="0" tag="245"><subfield code="a">&lt;&lt;La&gt;&gt; bureaucratisation du monde à l'ère néolibérale</subfield><subfield code="c">Béatrice Hibou</subfield></datafield><datafield ind1=" " ind2="1" tag="264"><subfield code="a">Paris</subfield><subfield code="b">La Découverte</subfield><subfield code="c">2012</subfield></datafield><datafield ind1=" " ind2=" " tag="300"><subfield code="a">223 S.</subfield><subfield code="c">23 cm</subfield></datafield><datafield ind1=" " ind2=" " tag="336"><subfield code="b">txt</subfield><subfield code="2">rdacontent</subfield></datafield><datafield ind1=" " ind2=" " tag="337"><subfield code="b">n</subfield><subfield code="2">rdamedia</subfield></datafield><datafield ind1=" " ind2=" " tag="338"><subfield code="b">nc</subfield><subfield code="2">rdacarrier</subfield></datafield><datafield ind1="1" ind2=" " tag="490"><subfield code="a">Cahiers libres (Découverte, Paris)</subfield></datafield><datafield ind1=" " ind2="7" tag="650"><subfield code="a">Bureaucratie</subfield><subfield code="0">(IDREF)027229629</subfield><subfield code="2">idref</subfield></datafield><datafield ind1=" " ind2="7" tag="650"><subfield code="a">Libéralisme économique</subfield><subfield code="0">(IDREF)029993180</subfield><subfield code="2">idref</subfield></datafield><datafield ind1=" " ind2="7" tag="650"><subfield code="a">2000-....</subfield><subfield code="0">(IDREF)050665391</subfield><subfield code="2">idref</subfield></datafield><datafield ind1=" " ind2="7" tag="650"><subfield code="a">Bürokratisierung</subfield><subfield code="0">(DE-588)4146886-7</subfield><subfield code="2">gnd</subfield></datafield><datafield ind1=" " ind2="7" tag="650"><subfield code="a">Neoliberalismus</subfield><subfield code="0">(DE-588)4171438-6</subfield><subfield code="2">gnd</subfield></datafield><datafield ind1=" " ind2="6" tag="650"><subfield code="a">lBureaucratie</subfield></datafield><datafield ind1=" " ind2="6" tag="650"><subfield code="a">Administration publique (Science)</subfield></datafield><datafield ind1=" " ind2="6" tag="650"><subfield code="a">Contrôle social</subfield></datafield><datafield ind1=" " ind2="7" tag="650"><subfield code="a">Bureaucratie</subfield><subfield code="x">Sociologie</subfield><subfield code="2">ram</subfield></datafield><datafield ind1=" " ind2="7" tag="650"><subfield code="a">Libéralisme économique</subfield><subfield code="2">ram</subfield></datafield><datafield ind1=" " ind2="7" tag="650"><subfield code="a">Domination</subfield><subfield code="2">ram</subfield></datafield><datafield ind1=" " ind2="7" tag="650"><subfield code="a">Pouvoir (sciences sociales)</subfield><subfield code="2">ram</subfield></datafield><datafield ind1=" " ind2=" " tag="690"><subfield code="a">Bürokratie; Abstraktion; Produktion; Regierung; Fiktion; Formalität; Realität; Invasion; Bedeckung; Dilatation; Entdeckung; Erfindung; Erwartung; Erweiterung; Geldwäsche; Verantwortung; Verhandlungen; Befragung; Formalisierung; Fälschung; Operation; Reform; Sonderausführung; Systematisierung; Tausch; Logik; Management; Politik; Unternehmen; Armut; Dynamik; Effektivität; Gleichgewicht; Kreativität; Marktmechanismus; Partnerschaft; Welt; Zeitalter; Kampf; Konfiguration; Steuerung; Herrschaft; Markt; Modus; Normung; Prinzip; Regel; Spiegel; Vertrag; Institution; Küche</subfield><subfield code="2">idssg-J</subfield></datafield><datafield ind1=" " ind2=" " tag="690"><subfield code="a">Zwanglosigkeit; Eigenverantwortung; Branchenspezialisierung; Unternehmensbürokratie; Neukonfiguration; Freigabevertrag; Managementstandard; Mittelpunkt; Nulltoleranz; Teilnahme</subfield><subfield code="2">idssg-J</subfield></datafield><datafield ind1=" " ind2=" " tag="690"><subfield code="a">neoliberale Herrschaft; neoliberaler Nebel; soziales Spiel; betriebswirtschaftliche Neukonfiguration; bürokratische Dynamik; bürokratische Herrschaft; eiserner Käfig; falsche Zahl; formale Einhaltung; formaler Produzent; formales Verfahren; ideologischer Nebel; imaginäre Institution; neoliberale Bürokratie; neoliberale Bürokratisierung; neoliberale Kunst; neoliberale Zwanglosigkeit; neoliberale Ära; neue Bürokratie; normative Kreativität; politische Ungleichheit; politisch Managerialisation; politisches Spiel; rationale Abstraktion; sparsame Regierung; unbekanntes Gleichgewicht; unbekannter Konflikt; unfreiwillige Konstellation; zentraler Modus; zunehmend Informa; zunehmende Fälschung; öffentlichprivate Partnerschaft</subfield><subfield code="2">idssg-J</subfield></datafield><datafield ind1=" " ind2=" " tag="690"><subfield code="a">Welt C00WOR; Frankreich C4EUFR</subfield><subfield code="2">idssg-J</subfield></datafield><datafield ind1=" " ind2=" " tag="690"><subfield code="a">Abel Hovelacque; formal Einhaltung Verhandlung; Invisible Chains; New Public; Paris Einführung Alice; Teilnahme Verfahrens Formalismus; zunehmend Fälschung Formalitäten Herstellung; Ära Béatrice Hibou Bürokratisierung Welt</subfield><subfield code="2">idssg-J</subfield></datafield><datafield ind1="4" ind2=" " tag="856"><subfield code="u">https://tools.unisg.ch/url/hm00408826</subfield><subfield code="z">Inhaltsverzeichnis</subfield></datafield><datafield ind1=" " ind2="0" tag="830"><subfield code="a">Cahiers libres</subfield><subfield code="w">(IDSBB)000098717DSV01</subfield></datafield><datafield ind1=" " ind2=" " tag="949"><subfield code="a">https://tools.unisg.ch/url/hm00408826</subfield></datafield></record>
</metadata></record>