<record><header><identifier>oai:alma.41SLSP_UGE:991000010759705502</identifier><datestamp>2023-03-01T01:09:13Z</datestamp><setSpec>UNIGE_ALL</setSpec></header><metadata>
<record xmlns="http://www.loc.gov/MARC21/slim" xmlns:xsi="http://www.w3.org/2001/XMLSchema-instance" xsi:schemaLocation="http://www.loc.gov/MARC21/slim http://www.loc.gov/standards/marcxml/schema/MARC21slim.xsd"><leader>01969nam a2200457 c 4500</leader><controlfield tag="001">991000010759705502</controlfield><controlfield tag="005">20201231122249.0</controlfield><controlfield tag="007">co |g|||||||||</controlfield><controlfield tag="008">201012s2005    ne |||||s|||| 00| ||eng d</controlfield><datafield ind1=" " ind2=" " tag="035"><subfield code="a">(swissbib)237807297-41slsp_network</subfield></datafield><datafield ind1=" " ind2=" " tag="035"><subfield code="a">237807297</subfield><subfield code="9">ExL</subfield></datafield><datafield ind1=" " ind2=" " tag="035"><subfield code="a">(RERO)R004105814-41slsp</subfield></datafield><datafield ind1=" " ind2=" " tag="035"><subfield code="a">(NEBIS)005169498EBI01</subfield></datafield><datafield ind1=" " ind2=" " tag="035"><subfield code="a">(EXLNZ-41SLSP_NETWORK)991136966989705501</subfield></datafield><datafield ind1=" " ind2=" " tag="040"><subfield code="a">RERO gevbpu</subfield><subfield code="d">CH-ZuSLS</subfield></datafield><datafield ind1=" " ind2="7" tag="072"><subfield code="a">th</subfield><subfield code="2">rero</subfield></datafield><datafield ind1="1" ind2="4" tag="082"><subfield code="a">230</subfield><subfield code="2">15</subfield></datafield><datafield ind1="1" ind2=" " tag="100"><subfield code="6">880-01</subfield><subfield code="a">Calvin, Jean</subfield><subfield code="d">1509-1564</subfield><subfield code="0">(IDREF)026763362</subfield><subfield code="4">cre</subfield></datafield><datafield ind1="1" ind2=" " tag="880"><subfield code="a">Calvin, Jean</subfield><subfield code="d">1509-1564</subfield><subfield code="0">(DE-588)118518534</subfield><subfield code="6">100-01</subfield></datafield><datafield ind1="1" ind2="0" tag="245"><subfield code="a">Calvini opera database 1.0</subfield><subfield code="c">Instituut voor Reformatieonderzoek ; ed. Herman J. Selderhuis</subfield></datafield><datafield ind1=" " ind2=" " tag="250"><subfield code="a">Version 1.0</subfield></datafield><datafield ind1=" " ind2="1" tag="264"><subfield code="a">Apeldoorn</subfield><subfield code="b">Instituut voor Reformatieonderzoek</subfield><subfield code="c">2005</subfield></datafield><datafield ind1=" " ind2=" " tag="300"><subfield code="a">1 DVD-ROM</subfield></datafield><datafield ind1=" " ind2=" " tag="336"><subfield code="b">txt</subfield><subfield code="2">rdacontent</subfield></datafield><datafield ind1=" " ind2=" " tag="337"><subfield code="b">c</subfield><subfield code="2">rdamedia</subfield></datafield><datafield ind1=" " ind2=" " tag="338"><subfield code="b">cd</subfield><subfield code="2">rdacarrier</subfield></datafield><datafield ind1=" " ind2=" " tag="338"><subfield code="b">cr</subfield><subfield code="2">rdacarrier</subfield></datafield><datafield ind1=" " ind2=" " tag="500"><subfield code="a">The complete works of John Calvin. In the edition of the Corpus Reformatorum. Text fully searchable. Combination of original image and text</subfield></datafield><datafield ind1=" " ind2="7" tag="650"><subfield code="a">Reformation</subfield><subfield code="0">(DE-588)4048946-2</subfield><subfield code="2">gnd</subfield></datafield><datafield ind1=" " ind2="7" tag="650"><subfield code="a">Reformierte Theologie</subfield><subfield code="0">(DE-588)4215145-4</subfield><subfield code="2">gnd</subfield></datafield><datafield ind1=" " ind2="7" tag="650"><subfield code="a">Reformation</subfield><subfield code="2">idszbz</subfield></datafield><datafield ind1=" " ind2="7" tag="655"><subfield code="a">Quelle</subfield><subfield code="2">gnd-content</subfield></datafield><datafield ind1=" " ind2="7" tag="655"><subfield code="a">Quelle</subfield><subfield code="2">idszbz</subfield></datafield><datafield ind1=" " ind2="7" tag="655"><subfield code="a">CD-ROM</subfield><subfield code="2">gnd-carrier</subfield></datafield><datafield ind1="1" ind2=" " tag="700"><subfield code="a">Selderhuis, H. J.</subfield><subfield code="d">1961-</subfield><subfield code="0">(DE-588)129003042</subfield></datafield><datafield ind1="1" ind2=" " tag="700"><subfield code="a">Selderhuis, Herman J.</subfield><subfield code="d">1961-....</subfield><subfield code="0">(IDREF)079274684</subfield><subfield code="4">edt</subfield></datafield><datafield ind1="4" ind2=" " tag="856"><subfield code="u">http://edb.zb.uzh.ch/NetManBin/nmwebclt.asp?CONFIGID=CALVINI&amp;DT=2&amp;LANGUAGE=German</subfield><subfield code="z">Zugriff auf die DVD-ROM für Zentralbibliothek und Universität Zürich</subfield></datafield><datafield ind1=" " ind2=" " tag="856"><subfield code="u">http://www.zb.uzh.ch/Medien/e-ressourcen/pdf/nutzungsbestimmungen.pdf</subfield><subfield code="z">Zentralbibliothek und Universität Zürich Zugriffsberechtigung</subfield></datafield><datafield ind1=" " ind2=" " tag="900"><subfield code="a">REROnoselfmerge</subfield></datafield><datafield ind1=" " ind2=" " tag="900"><subfield code="a">IDSZDDatenbank</subfield></datafield><datafield ind1=" " ind2=" " tag="900"><subfield code="a">IDSZ2zbzdat200807e</subfield><subfield code="c">IDSZ2staub</subfield><subfield code="d">IDSZ2zbzswk200807b</subfield><subfield code="e">IDSZ2haag</subfield></datafield><datafield ind1=" " ind2=" " tag="900"><subfield code="d">IDSZ2zbzswk201612b</subfield><subfield code="e">IDSZ2schu</subfield></datafield><datafield ind1=" " ind2=" " tag="993"><subfield code="a">IHR CD 12</subfield><subfield code="x">ge/uihr/4562</subfield><subfield code="9">LOCAL</subfield></datafield></record>
</metadata></record>