<record><header><identifier>oai:alma.41SLSP_UGE:991000010549705502</identifier><datestamp>2023-03-12T01:09:17Z</datestamp><setSpec>uge_bcen_RapidILL_BOOK</setSpec><setSpec>uge_aaca_RapidILL_BOOK</setSpec><setSpec>uge_abels_RapidILL_BOOK</setSpec><setSpec>uge_dbu_RapidILL_BOOK</setSpec><setSpec>uge_cmu_RapidILL_BOOK</setSpec><setSpec>uge_mail_RapidILL_BOOK</setSpec><setSpec>uge_abbat_RapidILL_BOOK</setSpec><setSpec>UNIGE_ALL</setSpec><setSpec>uge_aobs_RapidILL_BOOK</setSpec><setSpec>uge_acar_RapidILL_BOOK</setSpec></header><metadata>
<record xmlns="http://www.loc.gov/MARC21/slim" xmlns:xsi="http://www.w3.org/2001/XMLSchema-instance" xsi:schemaLocation="http://www.loc.gov/MARC21/slim http://www.loc.gov/standards/marcxml/schema/MARC21slim.xsd"><leader>02423nam a2200601 c 4500</leader><controlfield tag="001">991000010549705502</controlfield><controlfield tag="005">20230311211930.0</controlfield><controlfield tag="008">201011s2013    fr ||||| |||| 00| ||fre d</controlfield><datafield ind1=" " ind2=" " tag="015"><subfield code="a">14,A30</subfield><subfield code="2">dnb</subfield></datafield><datafield ind1=" " ind2=" " tag="020"><subfield code="a">9782336000244</subfield></datafield><datafield ind1=" " ind2=" " tag="020"><subfield code="a">2336000245</subfield></datafield><datafield ind1="7" ind2=" " tag="024"><subfield code="a">http://catalogue.bnf.fr/ark:/12148/cb43655525w</subfield><subfield code="2">uri</subfield></datafield><datafield ind1=" " ind2=" " tag="035"><subfield code="a">(swissbib)222531452-41slsp_network</subfield></datafield><datafield ind1=" " ind2=" " tag="035"><subfield code="a">222531452</subfield><subfield code="9">ExL</subfield></datafield><datafield ind1=" " ind2=" " tag="035"><subfield code="a">(RERO)R007496971-41slsp</subfield></datafield><datafield ind1=" " ind2=" " tag="035"><subfield code="a">(NEBIS)010207475EBI01</subfield></datafield><datafield ind1=" " ind2=" " tag="035"><subfield code="a">(OCoLC)884570368</subfield></datafield><datafield ind1=" " ind2=" " tag="035"><subfield code="a">(EXLNZ-41SLSP_NETWORK)991042433969705501</subfield></datafield><datafield ind1=" " ind2=" " tag="040"><subfield code="a">FRBNF</subfield><subfield code="d">CH-ZuSLS</subfield></datafield><datafield ind1=" " ind2="7" tag="072"><subfield code="a">so</subfield><subfield code="2">rero</subfield></datafield><datafield ind1="0" ind2="4" tag="082"><subfield code="a">303.48243044</subfield><subfield code="2">22/ger</subfield></datafield><datafield ind1=" " ind2=" " tag="084"><subfield code="a">300</subfield><subfield code="2">sdnb</subfield></datafield><datafield ind1="0" ind2="0" tag="245"><subfield code="a">&lt;&lt;Le&gt;&gt; moment interculturel dans la biographie</subfield><subfield code="c">sous la dir. de Rémi Hess ... [et al.]</subfield></datafield><datafield ind1=" " ind2="1" tag="264"><subfield code="a">Paris</subfield><subfield code="b">Téraèdre</subfield><subfield code="c">2013</subfield></datafield><datafield ind1=" " ind2=" " tag="300"><subfield code="a">308 p.</subfield></datafield><datafield ind1=" " ind2=" " tag="336"><subfield code="b">txt</subfield><subfield code="2">rdacontent</subfield></datafield><datafield ind1=" " ind2=" " tag="337"><subfield code="b">n</subfield><subfield code="2">rdamedia</subfield></datafield><datafield ind1=" " ind2=" " tag="338"><subfield code="b">nc</subfield><subfield code="2">rdacarrier</subfield></datafield><datafield ind1="0" ind2=" " tag="490"><subfield code="a">Dialogues / Dialoge</subfield></datafield><datafield ind1=" " ind2=" " tag="504"><subfield code="a">Literaturangaben</subfield></datafield><datafield ind1="2" ind2="7" tag="610"><subfield code="a">Deutsch-Französisches Jugendwerk</subfield><subfield code="0">(DE-588)2008656-8</subfield><subfield code="2">gnd</subfield></datafield><datafield ind1=" " ind2="7" tag="650"><subfield code="a">Échanges culturels français</subfield><subfield code="0">(IDREF)028230892</subfield><subfield code="2">idref</subfield></datafield><datafield ind1=" " ind2="7" tag="650"><subfield code="a">Échanges culturels allemands</subfield><subfield code="0">(IDREF)028409450</subfield><subfield code="2">idref</subfield></datafield><datafield ind1=" " ind2="7" tag="650"><subfield code="a">Communication interculturelle</subfield><subfield code="0">(IDREF)027344460</subfield><subfield code="2">idref</subfield></datafield><datafield ind1=" " ind2="7" tag="650"><subfield code="a">Biographie (genre littéraire)</subfield><subfield code="0">(RERO)A021096035</subfield><subfield code="2">rero</subfield></datafield><datafield ind1=" " ind2="7" tag="650"><subfield code="a">Biografieforschung</subfield><subfield code="0">(DE-588)4132300-2</subfield><subfield code="2">gnd</subfield></datafield><datafield ind1=" " ind2="7" tag="650"><subfield code="a">Biografisches Interview</subfield><subfield code="0">(DE-588)4482283-2</subfield><subfield code="2">gnd</subfield></datafield><datafield ind1=" " ind2="7" tag="650"><subfield code="a">Deutschlandbild</subfield><subfield code="0">(DE-588)4011893-9</subfield><subfield code="2">gnd</subfield></datafield><datafield ind1=" " ind2="7" tag="650"><subfield code="a">Frankreichbild</subfield><subfield code="0">(DE-588)4018146-7</subfield><subfield code="2">gnd</subfield></datafield><datafield ind1=" " ind2="7" tag="650"><subfield code="a">Interkulturalität</subfield><subfield code="0">(DE-588)4519498-1</subfield><subfield code="2">gnd</subfield></datafield><datafield ind1=" " ind2="7" tag="650"><subfield code="a">Jugendbegegnung</subfield><subfield code="0">(DE-588)4138533-0</subfield><subfield code="2">gnd</subfield></datafield><datafield ind1=" " ind2="7" tag="650"><subfield code="a">Kulturkontakt</subfield><subfield code="0">(DE-588)4033569-0</subfield><subfield code="2">gnd</subfield></datafield><datafield ind1=" " ind2="7" tag="650"><subfield code="a">Lebenslauf</subfield><subfield code="0">(DE-588)4034869-6</subfield><subfield code="2">gnd</subfield></datafield><datafield ind1=" " ind2="7" tag="651"><subfield code="a">France</subfield><subfield code="0">(IDREF)027226794</subfield><subfield code="2">idref</subfield></datafield><datafield ind1=" " ind2="7" tag="651"><subfield code="a">Allemagne</subfield><subfield code="0">(IDREF)027218856</subfield><subfield code="2">idref</subfield></datafield><datafield ind1=" " ind2="7" tag="655"><subfield code="a">[Études diverses]</subfield><subfield code="0">(RERO)A022249905</subfield><subfield code="2">rero</subfield></datafield><datafield ind1=" " ind2="7" tag="655"><subfield code="a">Aufsatzsammlung</subfield><subfield code="2">gnd-content</subfield></datafield><datafield ind1="1" ind2=" " tag="700"><subfield code="a">Hess, Rémi</subfield><subfield code="0">(RERO)A003368566</subfield></datafield><datafield ind1="4" ind2=" " tag="856"><subfield code="3">Titelblatt und Inhaltsverzeichnis</subfield><subfield code="u">https://toc.library.ethz.ch/objects/pdf03/z01_978-2-336-00024-4_01.pdf</subfield><subfield code="q">pdf</subfield></datafield><datafield ind1=" " ind2=" " tag="900"><subfield code="a">REROnoselfmerge</subfield></datafield><datafield ind1=" " ind2=" " tag="900"><subfield code="a">IDSZ2zbzmon201409f</subfield><subfield code="c">IDSZ2baeh</subfield><subfield code="d">IDSZ2zbzswk201410g</subfield><subfield code="e">IDSZ2bucp</subfield></datafield><datafield ind1=" " ind2=" " tag="910"><subfield code="a">BNF</subfield><subfield code="b">20131008</subfield><subfield code="c">Droits réservés</subfield></datafield><datafield ind1=" " ind2=" " tag="911"><subfield code="a">700</subfield><subfield code="a">Hess, Rémi</subfield><subfield code="d">1947-</subfield></datafield><datafield ind1=" " ind2=" " tag="949"><subfield code="a">https://toc.library.ethz.ch/objects/pdf03/z01_978-2-336-00024-4_01.pdf</subfield></datafield></record>
</metadata></record>