<record><header><identifier>oai:alma.41SLSP_UGE:991000010859705502</identifier><datestamp>2023-07-03T00:42:05Z</datestamp><setSpec>uge_bcen_RapidILL_BOOK</setSpec><setSpec>uge_aaca_RapidILL_BOOK</setSpec><setSpec>uge_abels_RapidILL_BOOK</setSpec><setSpec>uge_dbu_RapidILL_BOOK</setSpec><setSpec>uge_cmu_RapidILL_BOOK</setSpec><setSpec>uge_mail_RapidILL_BOOK</setSpec><setSpec>uge_abbat_RapidILL_BOOK</setSpec><setSpec>UNIGE_ALL</setSpec><setSpec>uge_aobs_RapidILL_BOOK</setSpec><setSpec>uge_acar_RapidILL_BOOK</setSpec></header><metadata>
<record xmlns="http://www.loc.gov/MARC21/slim" xmlns:xsi="http://www.w3.org/2001/XMLSchema-instance" xsi:schemaLocation="http://www.loc.gov/MARC21/slim http://www.loc.gov/standards/marcxml/schema/MARC21slim.xsd"><leader>02327nam a2200577 c 4500</leader><controlfield tag="001">991000010859705502</controlfield><controlfield tag="005">20230702065714.0</controlfield><controlfield tag="008">201011s2009    xxu||||| |||| 00| ||eng d</controlfield><datafield ind1=" " ind2=" " tag="010"><subfield code="a">2009033255</subfield></datafield><datafield ind1=" " ind2=" " tag="020"><subfield code="a">9780385529914</subfield></datafield><datafield ind1=" " ind2=" " tag="020"><subfield code="a">0385529910</subfield></datafield><datafield ind1=" " ind2=" " tag="035"><subfield code="a">(swissbib)214960749-41slsp_network</subfield></datafield><datafield ind1=" " ind2=" " tag="035"><subfield code="a">214960749</subfield><subfield code="9">ExL</subfield></datafield><datafield ind1=" " ind2=" " tag="035"><subfield code="a">(RERO)R005906459-41slsp</subfield></datafield><datafield ind1=" " ind2=" " tag="035"><subfield code="a">(IDSSG)000508778HSB01</subfield></datafield><datafield ind1=" " ind2=" " tag="035"><subfield code="a">(OCoLC) ocn368021217</subfield></datafield><datafield ind1=" " ind2=" " tag="035"><subfield code="a">(EXLNZ-41SLSP_NETWORK)991014633099705501</subfield></datafield><datafield ind1=" " ind2=" " tag="040"><subfield code="a">DLC</subfield><subfield code="d">CH-ZuSLS</subfield></datafield><datafield ind1=" " ind2="0" tag="050"><subfield code="a">HG4930</subfield><subfield code="b">.Z83 2009</subfield></datafield><datafield ind1=" " ind2="7" tag="072"><subfield code="a">se</subfield><subfield code="2">rero</subfield></datafield><datafield ind1="0" ind2="0" tag="082"><subfield code="a">332.64/5092</subfield><subfield code="a">B</subfield><subfield code="2">22</subfield></datafield><datafield ind1="1" ind2=" " tag="100"><subfield code="a">Zuckerman, Gregory</subfield><subfield code="0">(IDREF)147084334</subfield><subfield code="4">aut</subfield></datafield><datafield ind1="1" ind2="0" tag="245"><subfield code="a">&lt;&lt;The&gt;&gt; greatest trade ever</subfield><subfield code="b">the behind-the-scenes story of how John Paulson defied Wall Street and made financial history</subfield><subfield code="c">Gregory Zuckerman</subfield></datafield><datafield ind1=" " ind2=" " tag="250"><subfield code="a">1st ed</subfield></datafield><datafield ind1=" " ind2="1" tag="264"><subfield code="a">New York</subfield><subfield code="b">Broadway Books</subfield><subfield code="c">[2009]</subfield></datafield><datafield ind1=" " ind2="4" tag="264"><subfield code="c">© 2009</subfield></datafield><datafield ind1=" " ind2=" " tag="300"><subfield code="a">295 p.</subfield><subfield code="b">port.</subfield><subfield code="c">25 cm.</subfield></datafield><datafield ind1=" " ind2=" " tag="336"><subfield code="b">txt</subfield><subfield code="2">rdacontent</subfield></datafield><datafield ind1=" " ind2=" " tag="337"><subfield code="b">n</subfield><subfield code="2">rdamedia</subfield></datafield><datafield ind1=" " ind2=" " tag="338"><subfield code="b">nc</subfield><subfield code="2">rdacarrier</subfield></datafield><datafield ind1=" " ind2=" " tag="504"><subfield code="a">Includes bibliographical references (p. 285-287) and index.</subfield></datafield><datafield ind1="3" ind2=" " tag="520"><subfield code="a">A superbly written, behind-the-scenes narrative of how hedge fund manager John Paulson foresaw the escalating financial crisis and turned a falling housing market into financial history.</subfield></datafield><datafield ind1="1" ind2="0" tag="600"><subfield code="a">Paulson, John Alfred</subfield><subfield code="d">1955-</subfield></datafield><datafield ind1="1" ind2="7" tag="600"><subfield code="a">Paulson, John Alfred</subfield><subfield code="0">(RERO)A017958252</subfield><subfield code="2">rero</subfield></datafield><datafield ind1=" " ind2="0" tag="650"><subfield code="a">Hedge funds</subfield><subfield code="z">United States</subfield></datafield><datafield ind1=" " ind2="0" tag="650"><subfield code="a">Hedging (Finance)</subfield></datafield><datafield ind1=" " ind2="7" tag="650"><subfield code="a">21e siècle (début)</subfield><subfield code="0">(RERO)A022437388</subfield><subfield code="2">rero</subfield></datafield><datafield ind1=" " ind2="7" tag="650"><subfield code="a">Crises économiques</subfield><subfield code="0">(IDREF)027359107</subfield><subfield code="2">idref</subfield></datafield><datafield ind1=" " ind2="7" tag="650"><subfield code="a">Couverture (finances)</subfield><subfield code="0">(IDREF)027807401</subfield><subfield code="2">idref</subfield></datafield><datafield ind1=" " ind2="7" tag="650"><subfield code="a">Immobilier</subfield><subfield code="0">(IDREF)027478874</subfield><subfield code="2">idref</subfield></datafield><datafield ind1=" " ind2="7" tag="650"><subfield code="a">Spéculation</subfield><subfield code="0">(IDREF)027848531</subfield><subfield code="2">idref</subfield></datafield><datafield ind1=" " ind2="7" tag="650"><subfield code="a">Bulles spéculatives</subfield><subfield code="0">(IDREF)032435770</subfield><subfield code="2">idref</subfield></datafield><datafield ind1=" " ind2="7" tag="650"><subfield code="a">Finanzkrise</subfield><subfield code="0">(DE-588)7635855-0</subfield><subfield code="2">gnd</subfield></datafield><datafield ind1=" " ind2="7" tag="650"><subfield code="a">Hedge Fund</subfield><subfield code="0">(DE-588)4444016-9</subfield><subfield code="2">gnd</subfield></datafield><datafield ind1=" " ind2="7" tag="650"><subfield code="a">Spekulation</subfield><subfield code="g">Wirtschaft</subfield><subfield code="0">(DE-588)4056142-2</subfield><subfield code="2">gnd</subfield></datafield><datafield ind1=" " ind2="7" tag="651"><subfield code="a">États-Unis</subfield><subfield code="0">(IDREF)027225488</subfield><subfield code="2">idref</subfield></datafield><datafield ind1=" " ind2="7" tag="651"><subfield code="a">USA</subfield><subfield code="0">(DE-588)4078704-7</subfield><subfield code="2">gnd</subfield></datafield><datafield ind1=" " ind2=" " tag="690"><subfield code="a">Wall street ; History ; Broadway</subfield><subfield code="2">idssg-J</subfield></datafield><datafield ind1=" " ind2=" " tag="690"><subfield code="a">York [100]</subfield><subfield code="2">idssg-J</subfield></datafield><datafield ind1=" " ind2=" " tag="690"><subfield code="a">zuckerman</subfield><subfield code="2">idssg-J</subfield></datafield><datafield ind1="4" ind2=" " tag="856"><subfield code="u">https://tools.unisg.ch/url/hm00266385</subfield><subfield code="z">Inhaltsverzeichnis</subfield></datafield><datafield ind1=" " ind2=" " tag="949"><subfield code="a">https://tools.unisg.ch/url/hm00266385</subfield></datafield></record>
</metadata></record>