<record><header><identifier>oai:alma.41SLSP_UGE:991000011169705502</identifier><datestamp>2023-03-16T01:09:15Z</datestamp><setSpec>uge_bcen_RapidILL_BOOK</setSpec><setSpec>uge_aaca_RapidILL_BOOK</setSpec><setSpec>uge_abels_RapidILL_BOOK</setSpec><setSpec>uge_dbu_RapidILL_BOOK</setSpec><setSpec>uge_cmu_RapidILL_BOOK</setSpec><setSpec>uge_mail_RapidILL_BOOK</setSpec><setSpec>uge_abbat_RapidILL_BOOK</setSpec><setSpec>UNIGE_ALL</setSpec><setSpec>uge_acar_RapidILL_BOOK</setSpec><setSpec>uge_aobs_RapidILL_BOOK</setSpec></header><metadata>
<record xmlns="http://www.loc.gov/MARC21/slim" xmlns:xsi="http://www.w3.org/2001/XMLSchema-instance" xsi:schemaLocation="http://www.loc.gov/MARC21/slim http://www.loc.gov/standards/marcxml/schema/MARC21slim.xsd"><leader>01744nam a2200493 c 4500</leader><controlfield tag="001">991000011169705502</controlfield><controlfield tag="005">20230315174758.0</controlfield><controlfield tag="008">201011s1982    ja ||||| |||| 00| ||eng d</controlfield><datafield ind1=" " ind2=" " tag="020"><subfield code="a">4770010443</subfield><subfield code="q">Japan</subfield></datafield><datafield ind1=" " ind2=" " tag="020"><subfield code="a">087011560X</subfield><subfield code="q">U.S.</subfield></datafield><datafield ind1=" " ind2=" " tag="035"><subfield code="a">(swissbib)215460839-41slsp_network</subfield></datafield><datafield ind1=" " ind2=" " tag="035"><subfield code="a">215460839</subfield><subfield code="9">ExL</subfield></datafield><datafield ind1=" " ind2=" " tag="035"><subfield code="a">(RERO)0505596-41slsp</subfield></datafield><datafield ind1=" " ind2=" " tag="035"><subfield code="a">(NEBIS)005706426EBI01</subfield></datafield><datafield ind1=" " ind2=" " tag="035"><subfield code="a">(NEBIS)009732096EBI01</subfield></datafield><datafield ind1=" " ind2=" " tag="035"><subfield code="a">(EXLNZ-41SLSP_NETWORK)991054584789705501</subfield></datafield><datafield ind1=" " ind2=" " tag="040"><subfield code="a">RERO</subfield><subfield code="d">CH-ZuSLS</subfield><subfield code="b">ger</subfield><subfield code="e">rda</subfield></datafield><datafield ind1="0" ind2=" " tag="041"><subfield code="a">eng</subfield></datafield><datafield ind1=" " ind2=" " tag="044"><subfield code="a">xxu</subfield></datafield><datafield ind1=" " ind2="7" tag="072"><subfield code="a">ba</subfield><subfield code="2">rero</subfield></datafield><datafield ind1="7" ind2="4" tag="082"><subfield code="a">750</subfield><subfield code="2">23sdnb</subfield></datafield><datafield ind1="1" ind2=" " tag="100"><subfield code="a">Zolbrod, Leon M.</subfield><subfield code="0">(IDREF)157858928</subfield><subfield code="4">aut</subfield></datafield><datafield ind1="1" ind2="0" tag="245"><subfield code="a">Haiku painting</subfield><subfield code="c">Leon M. Zolbrod</subfield></datafield><datafield ind1=" " ind2=" " tag="250"><subfield code="a">1st edition</subfield></datafield><datafield ind1=" " ind2="1" tag="264"><subfield code="a">Tokyo</subfield><subfield code="a">New York</subfield><subfield code="b">Kodansha International</subfield><subfield code="c">1982</subfield></datafield><datafield ind1=" " ind2=" " tag="300"><subfield code="a">48 Seiten</subfield><subfield code="c">38 cm</subfield><subfield code="b">Illustrationen</subfield></datafield><datafield ind1=" " ind2=" " tag="336"><subfield code="b">txt</subfield><subfield code="2">rdacontent</subfield></datafield><datafield ind1=" " ind2=" " tag="336"><subfield code="b">sti</subfield><subfield code="2">rdacontent</subfield></datafield><datafield ind1=" " ind2=" " tag="337"><subfield code="b">n</subfield><subfield code="2">rdamedia</subfield></datafield><datafield ind1=" " ind2=" " tag="338"><subfield code="b">nc</subfield><subfield code="2">rdacarrier</subfield></datafield><datafield ind1="0" ind2=" " tag="490"><subfield code="a">Great Japanese art series</subfield></datafield><datafield ind1=" " ind2=" " tag="504"><subfield code="a">Bibliography p. 48</subfield></datafield><datafield ind1=" " ind2="7" tag="650"><subfield code="a">Calligraphie</subfield><subfield code="0">(IDREF)02758142X</subfield><subfield code="2">idref</subfield></datafield><datafield ind1=" " ind2="7" tag="650"><subfield code="a">Écriture japonaise</subfield><subfield code="0">(IDREF)027916278</subfield><subfield code="2">idref</subfield></datafield><datafield ind1=" " ind2="7" tag="650"><subfield code="a">haiku</subfield><subfield code="0">(RERO)A009995856</subfield><subfield code="2">rerovoc</subfield></datafield><datafield ind1=" " ind2="7" tag="650"><subfield code="a">Peinture japonaise</subfield><subfield code="0">(RERO)A024852074</subfield><subfield code="2">rero</subfield></datafield><datafield ind1=" " ind2=" " tag="690"><subfield code="a">Haikumalerei</subfield><subfield code="x">Geschichte</subfield><subfield code="2">nebis-E4</subfield></datafield><datafield ind1=" " ind2="7" tag="655"><subfield code="a">Bildband</subfield><subfield code="2">gnd-content</subfield></datafield><datafield ind1=" " ind2="7" tag="650"><subfield code="a">Haikumalerei</subfield><subfield code="2">gnd</subfield><subfield code="0">(DE-588)4158770-4</subfield></datafield><datafield ind1="4" ind2=" " tag="856"><subfield code="3">Titelblatt und Inhaltsverzeichnis</subfield><subfield code="u">https://toc.library.ethz.ch/objects/pdf/e65_0-87011-560-X_01.pdf</subfield><subfield code="q">pdf</subfield></datafield><datafield ind1=" " ind2="0" tag="830"><subfield code="a">Great Japanese Art Series</subfield><subfield code="w">(RERO)0505593-41slsp</subfield></datafield><datafield ind1=" " ind2=" " tag="900"><subfield code="a">REROnoselfmerge</subfield></datafield><datafield ind1=" " ind2=" " tag="900"><subfield code="a">OK_GND</subfield><subfield code="x">UZB/UAOI/202205/nkamiy</subfield></datafield><datafield ind1=" " ind2=" " tag="900"><subfield code="a">Stoppsignal FRED</subfield><subfield code="x">UZB/UAOI/202205</subfield></datafield><datafield ind1=" " ind2=" " tag="949"><subfield code="a">https://toc.library.ethz.ch/objects/pdf/e65_0-87011-560-X_01.pdf</subfield></datafield><datafield ind1=" " ind2=" " tag="993"><subfield code="a">BFLC 36</subfield><subfield code="x">ge/ulha/a/84/03/0187</subfield><subfield code="9">LOCAL</subfield></datafield></record>
</metadata></record>