<record><header><identifier>oai:alma.41SLSP_UGE:991000010439705502</identifier><datestamp>2024-10-20T00:09:27Z</datestamp><setSpec>uge_bcen_RapidILL_BOOK</setSpec><setSpec>uge_aaca_RapidILL_BOOK</setSpec><setSpec>uge_abels_RapidILL_BOOK</setSpec><setSpec>uge_dbu_RapidILL_BOOK</setSpec><setSpec>uge_cmu_RapidILL_BOOK</setSpec><setSpec>uge_mail_RapidILL_BOOK</setSpec><setSpec>uge_abbat_RapidILL_BOOK</setSpec><setSpec>UNIGE_ALL</setSpec><setSpec>uge_acar_RapidILL_BOOK</setSpec><setSpec>uge_aobs_RapidILL_BOOK</setSpec></header><metadata>
<record xmlns="http://www.loc.gov/MARC21/slim" xmlns:xsi="http://www.w3.org/2001/XMLSchema-instance" xsi:schemaLocation="http://www.loc.gov/MARC21/slim http://www.loc.gov/standards/marcxml/schema/MARC21slim.xsd"><leader>03641nam a2200625 c 4500</leader><controlfield tag="001">991000010439705502</controlfield><controlfield tag="005">20230619195229.0</controlfield><controlfield tag="008">201011s2006    xxk||||| |||| 00| ||eng d</controlfield><datafield ind1=" " ind2=" " tag="015"><subfield code="a">GBA616628</subfield><subfield code="2">bnb</subfield></datafield><datafield ind1=" " ind2=" " tag="020"><subfield code="a">9780415385541</subfield><subfield code="q">hbk.</subfield></datafield><datafield ind1=" " ind2=" " tag="020"><subfield code="a">0415385547</subfield><subfield code="q">hbk.</subfield><subfield code="c">£65.00</subfield></datafield><datafield ind1=" " ind2=" " tag="035"><subfield code="a">(swissbib)212067958-41slsp_network</subfield></datafield><datafield ind1=" " ind2=" " tag="035"><subfield code="a">212067958</subfield><subfield code="9">ExL</subfield></datafield><datafield ind1=" " ind2=" " tag="035"><subfield code="a">(RERO)R005124536-41slsp</subfield></datafield><datafield ind1=" " ind2=" " tag="035"><subfield code="a">(IDSBB)003932034DSV01</subfield></datafield><datafield ind1=" " ind2=" " tag="035"><subfield code="a">(NEBIS)010074684EBI01</subfield></datafield><datafield ind1=" " ind2=" " tag="035"><subfield code="a">(EXLNZ-41SLSP_NETWORK)991055185869705501</subfield></datafield><datafield ind1=" " ind2=" " tag="040"><subfield code="a">DLC</subfield><subfield code="d">CH-ZuSLS</subfield></datafield><datafield ind1="0" ind2="0" tag="050"><subfield code="a">DS554.8 $b.E87 2006</subfield></datafield><datafield ind1=" " ind2="7" tag="072"><subfield code="a">sp</subfield><subfield code="2">rero</subfield></datafield><datafield ind1="0" ind2="0" tag="082"><subfield code="a">959.6</subfield><subfield code="2">22</subfield></datafield><datafield ind1="0" ind2="4" tag="082"><subfield code="a">959.604</subfield><subfield code="2">22</subfield></datafield><datafield ind1=" " ind2=" " tag="084"><subfield code="a">MH 54000</subfield><subfield code="2">rvk</subfield></datafield><datafield ind1="0" ind2="0" tag="245"><subfield code="a">Expressions of Cambodia</subfield><subfield code="b">the politics of tradition, identity, and change</subfield><subfield code="c">edited by Leakthina Chau-Pech Ollier ... [et al.]</subfield></datafield><datafield ind1=" " ind2="1" tag="264"><subfield code="a">London</subfield><subfield code="b">Routledge</subfield><subfield code="c">2006</subfield></datafield><datafield ind1=" " ind2=" " tag="300"><subfield code="a">226 S.</subfield><subfield code="b">Ill.</subfield></datafield><datafield ind1=" " ind2=" " tag="336"><subfield code="b">txt</subfield><subfield code="2">rdacontent</subfield></datafield><datafield ind1=" " ind2=" " tag="337"><subfield code="b">n</subfield><subfield code="2">rdamedia</subfield></datafield><datafield ind1=" " ind2=" " tag="338"><subfield code="b">nc</subfield><subfield code="2">rdacarrier</subfield></datafield><datafield ind1="1" ind2=" " tag="490"><subfield code="a">Routledge contemporary Southeast Asia series</subfield><subfield code="v">12</subfield></datafield><datafield ind1=" " ind2=" " tag="504"><subfield code="a">Bibliogr.: p. 205-222. Index</subfield></datafield><datafield ind1=" " ind2=" " tag="504"><subfield code="a">Includes bibliographical references and index</subfield></datafield><datafield ind1="0" ind2=" " tag="505"><subfield code="a">Introduction : the politics of tradition, identity, and change / Tim Winter and Leakthina Chau-Pech Ollier -- Subscripts : reading Cambodian pasts, presents, and futures through graffiti / Penny Edwards -- When ancient glory meets modern tragedy : Angkor and the Khmer Rouge in contemporary tourism / Tim Winter -- The fascination for Angkor Wat and the ideology of the visible / Panivong Norindr -- Sitting between two chairs : Cambodia's dual citizenship debate / Kathryn Poethig -- Refractions of home : exile, memory, and diasporic longing / Khatharya Um -- Rapping (in) the homeland : of gangs, angka, and the Cambodian diasporic identity / Leakthina Chau-Pech Ollier -- Weaving into Cambodia : negotiated ethnicity in the (post) colonial silk industry / Heidi Dahles and John ter Horst -- A burned-out theatre : the state of Cambodia's performing arts / Robert Turnbull -- The (re-)emergence of Cambodian women writers at home and abroad / Klairung Amratisha -- Entrepreneurialism and charisma : two modes of doing business in post-Pol Pot Cambodian Buddhism / Ian Harris -- Touring memories of the Khmer Rouge (Anlong Veng) / Timothy Dylan Wood -- Khmer women and global factories / Annuska Derks</subfield></datafield><datafield ind1=" " ind2="0" tag="650"><subfield code="a">Social change</subfield><subfield code="z">Cambodia</subfield></datafield><datafield ind1=" " ind2="7" tag="650"><subfield code="a">20e siècle</subfield><subfield code="0">(IDREF)086305646</subfield><subfield code="2">idref</subfield></datafield><datafield ind1=" " ind2="7" tag="650"><subfield code="a">Soziokultureller Wandel</subfield><subfield code="0">(DE-588)4227561-1</subfield><subfield code="2">gnd</subfield></datafield><datafield ind1=" " ind2="7" tag="650"><subfield code="a">Archäologie</subfield><subfield code="0">(DE-588)4002827-6</subfield><subfield code="2">gnd</subfield></datafield><datafield ind1=" " ind2="7" tag="650"><subfield code="a">Bildungstourismus</subfield><subfield code="0">(DE-588)4399758-2</subfield><subfield code="2">gnd</subfield></datafield><datafield ind1=" " ind2="7" tag="650"><subfield code="a">Seidenindustrie</subfield><subfield code="0">(DE-588)4194787-3</subfield><subfield code="2">gnd</subfield></datafield><datafield ind1=" " ind2="7" tag="650"><subfield code="a">Tanztheater</subfield><subfield code="0">(DE-588)4184451-8</subfield><subfield code="2">gnd</subfield></datafield><datafield ind1=" " ind2="7" tag="650"><subfield code="a">Bekleidungsindustrie</subfield><subfield code="0">(DE-588)4005382-9</subfield><subfield code="2">gnd</subfield></datafield><datafield ind1=" " ind2="7" tag="650"><subfield code="a">Literatur</subfield><subfield code="0">(DE-588)4035964-5</subfield><subfield code="2">gnd</subfield></datafield><datafield ind1=" " ind2="7" tag="650"><subfield code="a">Kambodschanisch</subfield><subfield code="0">(DE-588)4120214-4</subfield><subfield code="2">gnd</subfield></datafield><datafield ind1=" " ind2="7" tag="650"><subfield code="a">Staatsangehörigkeit</subfield><subfield code="0">(DE-588)4056630-4</subfield><subfield code="2">gnd</subfield></datafield><datafield ind1=" " ind2="7" tag="650"><subfield code="a">Kollektives Gedächtnis</subfield><subfield code="0">(DE-588)4200793-8</subfield><subfield code="2">gnd</subfield></datafield><datafield ind1=" " ind2="7" tag="650"><subfield code="a">Therawada</subfield><subfield code="0">(DE-588)4121773-1</subfield><subfield code="2">gnd</subfield></datafield><datafield ind1=" " ind2="0" tag="651"><subfield code="a">Cambodia</subfield><subfield code="x">Civilization</subfield></datafield><datafield ind1=" " ind2="0" tag="651"><subfield code="a">Cambodia</subfield><subfield code="x">Economic conditions</subfield></datafield><datafield ind1=" " ind2="0" tag="651"><subfield code="a">Cambodia</subfield><subfield code="x">Politics and government</subfield><subfield code="y">1979-</subfield></datafield><datafield ind1=" " ind2="0" tag="651"><subfield code="a">Cambodia</subfield><subfield code="x">Social conditions</subfield></datafield><datafield ind1=" " ind2="7" tag="651"><subfield code="a">Cambodge</subfield><subfield code="0">(IDREF)027250644</subfield><subfield code="2">idref</subfield></datafield><datafield ind1=" " ind2="7" tag="651"><subfield code="a">Angkor Vat</subfield><subfield code="g">Angkor</subfield><subfield code="0">(DE-588)4386310-3</subfield><subfield code="2">gnd</subfield></datafield><datafield ind1=" " ind2="7" tag="651"><subfield code="a">Kambodscha</subfield><subfield code="0">(DE-588)4029400-6</subfield><subfield code="2">gnd</subfield></datafield><datafield ind1="1" ind2=" " tag="700"><subfield code="a">Ollier, Leakthina Chau-Pech</subfield><subfield code="d">1965-....</subfield><subfield code="0">(IDREF)074100203</subfield></datafield><datafield ind1=" " ind2="0" tag="830"><subfield code="a">RoutledgeCurzon contemporary Southeast Asia series</subfield><subfield code="v">12</subfield><subfield code="w">(NEBIS)004927529EBI01</subfield></datafield><datafield ind1=" " ind2="0" tag="830"><subfield code="a">Routledge contemporary Southeast Asia series</subfield><subfield code="v">12</subfield><subfield code="w">(RERO)R003940610-41slsp</subfield></datafield></record>
</metadata></record>