<record><header><identifier>oai:alma.41SLSP_UGE:991000007459705502</identifier><datestamp>2023-03-01T01:09:13Z</datestamp><setSpec>uge_bcen_RapidILL_BOOK</setSpec><setSpec>uge_aaca_RapidILL_BOOK</setSpec><setSpec>uge_abels_RapidILL_BOOK</setSpec><setSpec>uge_dbu_RapidILL_BOOK</setSpec><setSpec>uge_cmu_RapidILL_BOOK</setSpec><setSpec>uge_mail_RapidILL_BOOK</setSpec><setSpec>UNIGE_ALL</setSpec><setSpec>uge_abbat_RapidILL_BOOK</setSpec><setSpec>uge_acar_RapidILL_BOOK</setSpec><setSpec>uge_aobs_RapidILL_BOOK</setSpec></header><metadata>
<record xmlns="http://www.loc.gov/MARC21/slim" xmlns:xsi="http://www.w3.org/2001/XMLSchema-instance" xsi:schemaLocation="http://www.loc.gov/MARC21/slim http://www.loc.gov/standards/marcxml/schema/MARC21slim.xsd"><leader>01149nam a2200337 c 4500</leader><controlfield tag="001">991000007459705502</controlfield><controlfield tag="005">20230120193534.0</controlfield><controlfield tag="008">201011s1992    sp ||||| |||| 00| ||spa d</controlfield><datafield ind1=" " ind2=" " tag="020"><subfield code="a">8474235324</subfield></datafield><datafield ind1=" " ind2=" " tag="035"><subfield code="a">(swissbib)21136486X-41slsp_network</subfield></datafield><datafield ind1=" " ind2=" " tag="035"><subfield code="a">21136486X</subfield><subfield code="9">ExL</subfield></datafield><datafield ind1=" " ind2=" " tag="035"><subfield code="a">(RERO)1645152-41slsp</subfield></datafield><datafield ind1=" " ind2=" " tag="035"><subfield code="a">(NEBIS)009216887EBI01</subfield></datafield><datafield ind1=" " ind2=" " tag="035"><subfield code="a">(EXLNZ-41SLSP_NETWORK)991124603499705501</subfield></datafield><datafield ind1=" " ind2=" " tag="040"><subfield code="a">RERO geules</subfield><subfield code="d">CH-ZuSLS</subfield></datafield><datafield ind1=" " ind2="7" tag="072"><subfield code="a">ht</subfield><subfield code="2">rero</subfield></datafield><datafield ind1="1" ind2=" " tag="100"><subfield code="a">Asensio Barbarín, Eugenio</subfield><subfield code="d">1902-1996</subfield><subfield code="0">(IDREF)028845927</subfield><subfield code="4">cre</subfield></datafield><datafield ind1="1" ind2="0" tag="245"><subfield code="a">&lt;&lt;La&gt;&gt; España imaginada de Américo Castro</subfield><subfield code="c">Eugenio Asensio</subfield></datafield><datafield ind1=" " ind2=" " tag="250"><subfield code="a">Ed. corregida y aumentada</subfield></datafield><datafield ind1=" " ind2="1" tag="264"><subfield code="a">Barcelona</subfield><subfield code="b">Crítica</subfield><subfield code="c">1992</subfield></datafield><datafield ind1=" " ind2=" " tag="300"><subfield code="a">223 p.</subfield><subfield code="c">20 cm</subfield></datafield><datafield ind1=" " ind2=" " tag="336"><subfield code="b">txt</subfield><subfield code="2">rdacontent</subfield></datafield><datafield ind1=" " ind2=" " tag="337"><subfield code="b">n</subfield><subfield code="2">rdamedia</subfield></datafield><datafield ind1=" " ind2=" " tag="338"><subfield code="b">nc</subfield><subfield code="2">rdacarrier</subfield></datafield><datafield ind1="1" ind2=" " tag="490"><subfield code="a">Filología</subfield><subfield code="v">25</subfield></datafield><datafield ind1="1" ind2="7" tag="600"><subfield code="a">Castro, Américo</subfield><subfield code="d">1885-1972</subfield><subfield code="0">(IDREF)02846124X</subfield><subfield code="2">idref</subfield></datafield><datafield ind1=" " ind2="7" tag="650"><subfield code="a">Histoire</subfield><subfield code="0">(IDREF)02726470X</subfield><subfield code="2">idref</subfield></datafield><datafield ind1=" " ind2="7" tag="650"><subfield code="a">Spanienbild</subfield><subfield code="0">(DE-588)4139031-3</subfield><subfield code="2">gnd</subfield></datafield><datafield ind1=" " ind2="7" tag="651"><subfield code="a">Espagne</subfield><subfield code="0">(IDREF)027224406</subfield><subfield code="2">idref</subfield></datafield><datafield ind1=" " ind2=" " tag="830"><subfield code="a">Filología</subfield><subfield code="v">25</subfield><subfield code="w">(NEBIS)000998738EBI01</subfield></datafield><datafield ind1=" " ind2=" " tag="830"><subfield code="a">Filología</subfield><subfield code="p">Ed. Crítica</subfield><subfield code="v">25</subfield><subfield code="w">(RERO)0190203-41slsp</subfield></datafield><datafield ind1=" " ind2=" " tag="900"><subfield code="a">REROnoselfmerge</subfield></datafield><datafield ind1=" " ind2=" " tag="993"><subfield code="a">BFLA 61104</subfield><subfield code="x">ge/ules/a/93/120</subfield><subfield code="9">LOCAL</subfield></datafield></record>
</metadata></record>