<record><header><identifier>oai:alma.41SLSP_UGE:991000008079705502</identifier><datestamp>2024-07-04T00:06:43Z</datestamp><setSpec>uge_bcen_RapidILL_BOOK</setSpec><setSpec>uge_aaca_RapidILL_BOOK</setSpec><setSpec>uge_abels_RapidILL_BOOK</setSpec><setSpec>uge_dbu_RapidILL_BOOK</setSpec><setSpec>uge_cmu_RapidILL_BOOK</setSpec><setSpec>uge_mail_RapidILL_BOOK</setSpec><setSpec>uge_abbat_RapidILL_BOOK</setSpec><setSpec>UNIGE_ALL</setSpec><setSpec>uge_acar_RapidILL_BOOK</setSpec><setSpec>uge_aobs_RapidILL_BOOK</setSpec></header><metadata>
<record xmlns="http://www.loc.gov/MARC21/slim" xmlns:xsi="http://www.w3.org/2001/XMLSchema-instance" xsi:schemaLocation="http://www.loc.gov/MARC21/slim http://www.loc.gov/standards/marcxml/schema/MARC21slim.xsd"><leader>02424nam a2200565 c 4500</leader><controlfield tag="001">991000008079705502</controlfield><controlfield tag="005">20240701094156.0</controlfield><controlfield tag="008">201012s2005    fr ||||| |||| 10| ||fre d</controlfield><datafield ind1=" " ind2=" " tag="020"><subfield code="a">2204074160</subfield><subfield code="c">Schätzpreis: EUR 40.00</subfield></datafield><datafield ind1=" " ind2=" " tag="035"><subfield code="a">(swissbib)23843575X-41slsp_network</subfield></datafield><datafield ind1=" " ind2=" " tag="035"><subfield code="a">23843575X</subfield><subfield code="9">ExL</subfield></datafield><datafield ind1=" " ind2=" " tag="035"><subfield code="a">(RERO)R003787043-41slsp</subfield></datafield><datafield ind1=" " ind2=" " tag="035"><subfield code="a">(NEBIS)004913015EBI01</subfield></datafield><datafield ind1=" " ind2=" " tag="035"><subfield code="a">(IDSLU)000430858ILU01</subfield></datafield><datafield ind1=" " ind2=" " tag="035"><subfield code="a">(SBT)000475493SBT01</subfield></datafield><datafield ind1=" " ind2=" " tag="035"><subfield code="a">(EXLNZ-41SLSP_NETWORK)991090018599705501</subfield></datafield><datafield ind1=" " ind2=" " tag="040"><subfield code="a">RERO geuth-</subfield><subfield code="d">CH-ZuSLS</subfield></datafield><datafield ind1=" " ind2="7" tag="072"><subfield code="a">730</subfield><subfield code="2">IDS LU</subfield></datafield><datafield ind1=" " ind2="7" tag="072"><subfield code="a">th</subfield><subfield code="2">rero</subfield></datafield><datafield ind1="1" ind2=" " tag="080"><subfield code="a">227.1</subfield></datafield><datafield ind1="0" ind2="4" tag="082"><subfield code="a">226.306</subfield><subfield code="2">21</subfield></datafield><datafield ind1="1" ind2="4" tag="082"><subfield code="a">225</subfield><subfield code="2">1</subfield></datafield><datafield ind1="1" ind2="4" tag="082"><subfield code="a">226.306</subfield></datafield><datafield ind1="0" ind2="0" tag="245"><subfield code="a">&lt;&lt;Les&gt;&gt; Actes des Apôtres</subfield><subfield code="b">histoire, récit, théologie</subfield><subfield code="c">XXe congrès de l'Association catholique française pour l'étude de la Bible (Angers, 2003) ; publié sous la dir. de Michel Berder</subfield></datafield><datafield ind1=" " ind2="1" tag="264"><subfield code="a">Paris</subfield><subfield code="b">Ed. du Cerf</subfield><subfield code="c">2005</subfield></datafield><datafield ind1=" " ind2=" " tag="300"><subfield code="a">281 p.</subfield><subfield code="c">22 cm</subfield></datafield><datafield ind1=" " ind2=" " tag="336"><subfield code="b">txt</subfield><subfield code="2">rdacontent</subfield></datafield><datafield ind1=" " ind2=" " tag="337"><subfield code="b">n</subfield><subfield code="2">rdamedia</subfield></datafield><datafield ind1=" " ind2=" " tag="338"><subfield code="b">nc</subfield><subfield code="2">rdacarrier</subfield></datafield><datafield ind1="1" ind2=" " tag="490"><subfield code="a">Lectio divina</subfield><subfield code="v">199</subfield></datafield><datafield ind1=" " ind2=" " tag="500"><subfield code="a">Oben auf der Titelseite: ACFEB</subfield></datafield><datafield ind1="0" ind2="7" tag="630"><subfield code="a">Bible</subfield><subfield code="p">NT</subfield><subfield code="p">Actes des apôtres</subfield><subfield code="0">(RERO)A009967472</subfield><subfield code="2">rero</subfield></datafield><datafield ind1="0" ind2="7" tag="630"><subfield code="a">Apostelgeschichte</subfield><subfield code="2">idszbz</subfield></datafield><datafield ind1="0" ind2="0" tag="630"><subfield code="a">Bible</subfield><subfield code="p">Acts</subfield><subfield code="x">Criticism, interpretation, etc</subfield><subfield code="v">Congresses</subfield></datafield><datafield ind1="0" ind2="0" tag="630"><subfield code="a">Bible</subfield><subfield code="p">New Testament</subfield><subfield code="p">Actes des Apôtres</subfield><subfield code="x">Critique, interprétation, etc</subfield><subfield code="v">Congrès</subfield></datafield><datafield ind1="0" ind2="7" tag="630"><subfield code="a">Bibel</subfield><subfield code="p">Apostelgeschichte</subfield><subfield code="0">(DE-588)4129470-1</subfield><subfield code="2">gnd</subfield></datafield><datafield ind1=" " ind2="7" tag="650"><subfield code="a">Kongress</subfield><subfield code="0">(DE-588)4130470-6</subfield><subfield code="2">gnd</subfield></datafield><datafield ind1=" " ind2="7" tag="655"><subfield code="a">Actes de congrès</subfield><subfield code="0">(IDREF)02886431X</subfield><subfield code="2">idref</subfield></datafield><datafield ind1=" " ind2="7" tag="655"><subfield code="a">Aufsatzsammlung</subfield><subfield code="2">idszbz</subfield></datafield><datafield ind1=" " ind2="7" tag="655"><subfield code="a">Aufsatzsammlung</subfield><subfield code="2">gnd-content</subfield></datafield><datafield ind1=" " ind2="7" tag="655"><subfield code="a">Konferenzschrift</subfield><subfield code="z">Angers</subfield><subfield code="y">2003</subfield><subfield code="2">gnd-content</subfield></datafield><datafield ind1=" " ind2=" " tag="691"><subfield code="e">220.7</subfield><subfield code="a">Bibbia. Commenti</subfield><subfield code="2">usi-TE</subfield></datafield><datafield ind1="1" ind2=" " tag="700"><subfield code="a">Berder, Michel</subfield><subfield code="c">prêtre</subfield><subfield code="d">1948-....</subfield><subfield code="0">(IDREF)034814396</subfield><subfield code="4">edt</subfield></datafield><datafield ind1="2" ind2=" " tag="710"><subfield code="a">Association catholique française pour l'étude de la Bible</subfield><subfield code="b">Congrès</subfield><subfield code="0">(DE-588)108665580X</subfield></datafield><datafield ind1="2" ind2=" " tag="711"><subfield code="6">880-04</subfield><subfield code="a">Association Catholique Française pour l'Etude de la Bible</subfield><subfield code="e">Congrès</subfield><subfield code="0">(DE-588)1092063315</subfield></datafield><datafield ind1="1" ind2=" " tag="880"><subfield code="6">711-04/(B</subfield><subfield code="a">Association catholique française pour l'étude de la Bible</subfield><subfield code="e">Congrès</subfield><subfield code="n">20</subfield><subfield code="d">2003</subfield><subfield code="c">Angers</subfield><subfield code="e">Congrès</subfield><subfield code="0">(IDREF)083750916</subfield></datafield><datafield ind1="0" ind2=" " tag="730"><subfield code="a">Bibbia</subfield><subfield code="n">208</subfield><subfield code="p">NT</subfield><subfield code="p">Atti degli apostoli</subfield><subfield code="k">Commento</subfield></datafield><datafield ind1=" " ind2="0" tag="830"><subfield code="a">Lectio divina</subfield><subfield code="v">199</subfield><subfield code="w">(SBT)000181068SBT01</subfield></datafield><datafield ind1=" " ind2="0" tag="830"><subfield code="a">Lectio divina</subfield><subfield code="v">199</subfield><subfield code="w">(RERO)0067252-41slsp</subfield></datafield><datafield ind1=" " ind2=" " tag="900"><subfield code="a">REROnoselfmerge</subfield></datafield><datafield ind1=" " ind2=" " tag="900"><subfield code="a">IDSZ2zbzmon200503e</subfield><subfield code="c">IDSZ2haab</subfield><subfield code="d">IDSZ2zbzswk200503b</subfield><subfield code="e">IDSZ2haag</subfield></datafield></record>
</metadata></record>