<record><header><identifier>oai:alma.41SLSP_UGE:991000010979705502</identifier><datestamp>2023-04-08T00:14:45Z</datestamp><setSpec>uge_bcen_RapidILL_BOOK</setSpec><setSpec>uge_aaca_RapidILL_BOOK</setSpec><setSpec>uge_abels_RapidILL_BOOK</setSpec><setSpec>uge_dbu_RapidILL_BOOK</setSpec><setSpec>uge_cmu_RapidILL_BOOK</setSpec><setSpec>uge_mail_RapidILL_BOOK</setSpec><setSpec>uge_abbat_RapidILL_BOOK</setSpec><setSpec>UNIGE_ALL</setSpec><setSpec>uge_acar_RapidILL_BOOK</setSpec><setSpec>uge_aobs_RapidILL_BOOK</setSpec></header><metadata>
<record xmlns="http://www.loc.gov/MARC21/slim" xmlns:xsi="http://www.w3.org/2001/XMLSchema-instance" xsi:schemaLocation="http://www.loc.gov/MARC21/slim http://www.loc.gov/standards/marcxml/schema/MARC21slim.xsd"><leader>02136nam a2200553 c 4500</leader><controlfield tag="001">991000010979705502</controlfield><controlfield tag="005">20230406203914.0</controlfield><controlfield tag="008">201012s2001    it ||||| |||| 00| ||ita d</controlfield><datafield ind1=" " ind2=" " tag="020"><subfield code="a">8880633104</subfield><subfield code="c">15.49 EUR.</subfield></datafield><datafield ind1=" " ind2=" " tag="035"><subfield code="a">(swissbib)236309293-41slsp_network</subfield></datafield><datafield ind1=" " ind2=" " tag="035"><subfield code="a">236309293</subfield><subfield code="9">ExL</subfield></datafield><datafield ind1=" " ind2=" " tag="035"><subfield code="a">(RERO)R003276561-41slsp</subfield></datafield><datafield ind1=" " ind2=" " tag="035"><subfield code="a">(IDSBB)002529649DSV01</subfield></datafield><datafield ind1=" " ind2=" " tag="035"><subfield code="a">(NEBIS)004316582EBI01</subfield></datafield><datafield ind1=" " ind2=" " tag="035"><subfield code="a">(EXLNZ-41SLSP_NETWORK)991009700739705501</subfield></datafield><datafield ind1=" " ind2=" " tag="040"><subfield code="a">RERO geulit</subfield><subfield code="d">CH-ZuSLS</subfield></datafield><datafield ind1="0" ind2=" " tag="041"><subfield code="a">ita</subfield></datafield><datafield ind1=" " ind2=" " tag="050"><subfield code="a">PQ</subfield></datafield><datafield ind1=" " ind2="7" tag="072"><subfield code="a">it</subfield><subfield code="2">rero</subfield></datafield><datafield ind1=" " ind2="7" tag="072"><subfield code="a">it</subfield><subfield code="2">SzZuIDS BS/BE</subfield></datafield><datafield ind1="0" ind2="0" tag="082"><subfield code="a">851/.1</subfield><subfield code="2">21</subfield></datafield><datafield ind1="0" ind2="4" tag="082"><subfield code="a">851</subfield><subfield code="2">21</subfield></datafield><datafield ind1="1" ind2="4" tag="082"><subfield code="a">851.1</subfield><subfield code="2">21</subfield></datafield><datafield ind1="1" ind2="4" tag="082"><subfield code="a">851</subfield></datafield><datafield ind1=" " ind2=" " tag="084"><subfield code="a">IT 7000</subfield><subfield code="2">rvk</subfield></datafield><datafield ind1="1" ind2=" " tag="100"><subfield code="a">Quartieri, Franco</subfield><subfield code="0">(IDREF)075449897</subfield><subfield code="4">cre</subfield></datafield><datafield ind1="1" ind2="0" tag="245"><subfield code="a">Benvenuto da Imola</subfield><subfield code="b">un moderno antico commentatore di Dante</subfield><subfield code="c">Franco Quartieri</subfield></datafield><datafield ind1=" " ind2="1" tag="264"><subfield code="a">Ravenna</subfield><subfield code="b">Longo</subfield><subfield code="c">2001</subfield></datafield><datafield ind1=" " ind2=" " tag="300"><subfield code="a">221 p.</subfield><subfield code="c">22 cm</subfield></datafield><datafield ind1=" " ind2=" " tag="336"><subfield code="b">txt</subfield><subfield code="2">rdacontent</subfield></datafield><datafield ind1=" " ind2=" " tag="337"><subfield code="b">n</subfield><subfield code="2">rdamedia</subfield></datafield><datafield ind1=" " ind2=" " tag="338"><subfield code="b">nc</subfield><subfield code="2">rdacarrier</subfield></datafield><datafield ind1="1" ind2=" " tag="490"><subfield code="a">L'interprete</subfield><subfield code="v">69</subfield></datafield><datafield ind1=" " ind2=" " tag="500"><subfield code="a">B. da Imola (14th cent.); Dante Alighieri (1265-1321)</subfield></datafield><datafield ind1="0" ind2="7" tag="600"><subfield code="a">Benevenutus de Rambaldis</subfield><subfield code="d">1338?-1390</subfield><subfield code="t">Comentum super Dantem</subfield><subfield code="0">(IDREF)129598453</subfield><subfield code="2">idref</subfield></datafield><datafield ind1="0" ind2="7" tag="600"><subfield code="a">Benevenutus</subfield><subfield code="c">Imolensis</subfield><subfield code="2">idsbb</subfield></datafield><datafield ind1="0" ind2="7" tag="600"><subfield code="a">Dante</subfield><subfield code="c">Alighieri</subfield><subfield code="x">&lt;&lt;La&gt;&gt; divina commedia</subfield><subfield code="v">Kommentar</subfield><subfield code="2">idsbb</subfield></datafield><datafield ind1="0" ind2="7" tag="600"><subfield code="a">Dante</subfield><subfield code="c">Alighieri</subfield><subfield code="d">1265-1321</subfield><subfield code="0">(DE-588)118523708</subfield><subfield code="2">gnd</subfield></datafield><datafield ind1="0" ind2="7" tag="600"><subfield code="a">Benevenutus</subfield><subfield code="c">Imolensis</subfield><subfield code="d">1338-1390</subfield><subfield code="0">(DE-588)119092476</subfield><subfield code="2">gnd</subfield></datafield><datafield ind1="0" ind2="0" tag="600"><subfield code="a">Benvenutus</subfield><subfield code="c">de Imola</subfield><subfield code="d">-1387 or 1388</subfield></datafield><datafield ind1="0" ind2="0" tag="600"><subfield code="a">Benvenutus</subfield><subfield code="c">de Imola</subfield><subfield code="d">-1387 or 1388</subfield><subfield code="t">Comentum super Dantis Aldigherii Comoediam</subfield></datafield><datafield ind1="0" ind2="0" tag="600"><subfield code="a">Dante Alighieri</subfield><subfield code="d">1265-1321</subfield><subfield code="x">Criticism and interpretation</subfield><subfield code="x">History</subfield><subfield code="y">To 1500</subfield></datafield><datafield ind1=" " ind2="0" tag="650"><subfield code="a">Criticism</subfield><subfield code="z">Italy</subfield><subfield code="x">History</subfield><subfield code="y">To 1500</subfield></datafield><datafield ind1=" " ind2="0" tag="650"><subfield code="a">Scholars</subfield><subfield code="z">Italy</subfield><subfield code="v">Biography</subfield></datafield><datafield ind1=" " ind2="7" tag="655"><subfield code="a">Biografie</subfield><subfield code="2">gnd-content</subfield></datafield><datafield ind1="4" ind2=" " tag="856"><subfield code="3">Inhaltsverzeichnis</subfield><subfield code="u">http://www.ub.unibas.ch/tox/HBZ/HT013210787/PDF</subfield><subfield code="q">pdf</subfield></datafield><datafield ind1=" " ind2="0" tag="830"><subfield code="a">&lt;&lt;L'&gt;&gt;interprete</subfield><subfield code="v">69</subfield><subfield code="w">(IDSBB)000561882DSV01</subfield></datafield><datafield ind1=" " ind2="0" tag="830"><subfield code="a">&lt;&lt;L'&gt;&gt;interprete</subfield><subfield code="v">69</subfield><subfield code="w">(NEBIS)001003060EBI01</subfield></datafield><datafield ind1=" " ind2=" " tag="900"><subfield code="a">IDSZ2zbzmon200208f</subfield><subfield code="c">IDSZ2tres</subfield><subfield code="d">IDSZ2zbzswk200208b</subfield><subfield code="e">IDSZ2brua</subfield></datafield><datafield ind1=" " ind2=" " tag="949"><subfield code="a">http://www.ub.unibas.ch/tox/HBZ/HT013210787/PDF</subfield></datafield><datafield ind1=" " ind2=" " tag="993"><subfield code="a">BFLA 153708</subfield><subfield code="x">ge/ulit/a/02/269</subfield><subfield code="9">LOCAL</subfield></datafield></record>
</metadata></record>