<record><header><identifier>oai:alma.41SLSP_UGE:991000010459705502</identifier><datestamp>2023-03-01T01:09:13Z</datestamp><setSpec>uge_bcen_RapidILL_BOOK</setSpec><setSpec>uge_aaca_RapidILL_BOOK</setSpec><setSpec>uge_abels_RapidILL_BOOK</setSpec><setSpec>uge_dbu_RapidILL_BOOK</setSpec><setSpec>uge_cmu_RapidILL_BOOK</setSpec><setSpec>uge_mail_RapidILL_BOOK</setSpec><setSpec>UNIGE_ALL</setSpec><setSpec>uge_abbat_RapidILL_BOOK</setSpec><setSpec>uge_acar_RapidILL_BOOK</setSpec><setSpec>uge_aobs_RapidILL_BOOK</setSpec></header><metadata>
<record xmlns="http://www.loc.gov/MARC21/slim" xmlns:xsi="http://www.w3.org/2001/XMLSchema-instance" xsi:schemaLocation="http://www.loc.gov/MARC21/slim http://www.loc.gov/standards/marcxml/schema/MARC21slim.xsd"><leader>02352nam a2200661 c 4500</leader><controlfield tag="001">991000010459705502</controlfield><controlfield tag="005">20230217203711.0</controlfield><controlfield tag="008">201012s2001    ne ||||| |||| 00| ||eng d</controlfield><datafield ind1=" " ind2=" " tag="015"><subfield code="a">GBA1-21762</subfield></datafield><datafield ind1="7" ind2=" " tag="016"><subfield code="a">0080438814</subfield><subfield code="2">Uk</subfield></datafield><datafield ind1=" " ind2=" " tag="020"><subfield code="a">0080438814</subfield><subfield code="c">(hbk.)</subfield></datafield><datafield ind1=" " ind2=" " tag="035"><subfield code="a">(swissbib)239767489-41slsp_network</subfield></datafield><datafield ind1=" " ind2=" " tag="035"><subfield code="a">239767489</subfield><subfield code="9">ExL</subfield></datafield><datafield ind1=" " ind2=" " tag="035"><subfield code="a">(RERO)R003096396-41slsp</subfield></datafield><datafield ind1=" " ind2=" " tag="035"><subfield code="a">(NEBIS)004297230EBI01</subfield></datafield><datafield ind1=" " ind2=" " tag="035"><subfield code="a">(IDSBB)002401363DSV01</subfield></datafield><datafield ind1=" " ind2=" " tag="035"><subfield code="a">(SBT)000188767SBT01</subfield></datafield><datafield ind1=" " ind2=" " tag="035"><subfield code="a">(EXLNZ-41SLSP_NETWORK)991147559109705501</subfield></datafield><datafield ind1=" " ind2=" " tag="040"><subfield code="a">RERO geullg</subfield><subfield code="d">CH-ZuSLS</subfield></datafield><datafield ind1=" " ind2="7" tag="072"><subfield code="a">lg</subfield><subfield code="2">rero</subfield></datafield><datafield ind1=" " ind2="7" tag="072"><subfield code="a">le</subfield><subfield code="2">SzZuIDS BS/BE</subfield></datafield><datafield ind1=" " ind2="7" tag="072"><subfield code="a">as</subfield><subfield code="2">SzZuIDS BS/BE</subfield></datafield><datafield ind1=" " ind2="7" tag="072"><subfield code="a">an</subfield><subfield code="2">rero</subfield></datafield><datafield ind1="0" ind2="0" tag="082"><subfield code="a">808</subfield><subfield code="2">21</subfield></datafield><datafield ind1="0" ind2="0" tag="082"><subfield code="a">401.43</subfield></datafield><datafield ind1=" " ind2=" " tag="084"><subfield code="a">EC 3765</subfield><subfield code="2">rvk</subfield></datafield><datafield ind1=" " ind2=" " tag="084"><subfield code="a">ET 400</subfield><subfield code="2">rvk</subfield></datafield><datafield ind1=" " ind2=" " tag="084"><subfield code="a">ET 425</subfield><subfield code="2">rvk</subfield></datafield><datafield ind1="1" ind2=" " tag="100"><subfield code="a">Leezenberg, M. M.</subfield><subfield code="d">1964-</subfield><subfield code="0">(DE-588)1145978177</subfield><subfield code="6">880-01</subfield></datafield><datafield ind1="1" ind2=" " tag="880"><subfield code="6">100-01</subfield><subfield code="a">Leezenberg, Michiel</subfield><subfield code="0">(IDREF)068998724</subfield><subfield code="4">cre</subfield></datafield><datafield ind1="1" ind2="0" tag="245"><subfield code="a">Contexts of metaphor</subfield><subfield code="c">Michiel Leezenberg</subfield></datafield><datafield ind1=" " ind2="1" tag="264"><subfield code="a">Amsterdam [etc.]</subfield><subfield code="b">Elsevier</subfield><subfield code="c">2001</subfield></datafield><datafield ind1=" " ind2=" " tag="300"><subfield code="a">X, 321 p.</subfield><subfield code="c">23 cm</subfield></datafield><datafield ind1=" " ind2=" " tag="336"><subfield code="b">txt</subfield><subfield code="2">rdacontent</subfield></datafield><datafield ind1=" " ind2=" " tag="337"><subfield code="b">n</subfield><subfield code="2">rdamedia</subfield></datafield><datafield ind1=" " ind2=" " tag="338"><subfield code="b">nc</subfield><subfield code="2">rdacarrier</subfield></datafield><datafield ind1="1" ind2=" " tag="490"><subfield code="a">Current research in the semantics/pragmatics interface</subfield><subfield code="v">vol. 7</subfield></datafield><datafield ind1=" " ind2=" " tag="504"><subfield code="a">Includes bibliographical references and index</subfield></datafield><datafield ind1=" " ind2="7" tag="650"><subfield code="a">Métaphore</subfield><subfield code="0">(IDREF)027239411</subfield><subfield code="2">idref</subfield></datafield><datafield ind1=" " ind2="7" tag="650"><subfield code="a">Sémantique</subfield><subfield code="0">(IDREF)027248607</subfield><subfield code="2">idref</subfield></datafield><datafield ind1=" " ind2="7" tag="650"><subfield code="a">Kontext</subfield><subfield code="0">(DE-588)4165149-2</subfield><subfield code="2">gnd</subfield></datafield><datafield ind1=" " ind2="7" tag="650"><subfield code="a">Metapher</subfield><subfield code="0">(DE-588)4038935-2</subfield><subfield code="2">gnd</subfield></datafield><datafield ind1=" " ind2="7" tag="650"><subfield code="a">Pragmatik</subfield><subfield code="0">(DE-588)4076315-8</subfield><subfield code="2">gnd</subfield></datafield><datafield ind1=" " ind2="7" tag="650"><subfield code="a">Semantik</subfield><subfield code="0">(DE-588)4054490-4</subfield><subfield code="2">gnd</subfield></datafield><datafield ind1=" " ind2="7" tag="650"><subfield code="a">Kontext</subfield><subfield code="2">idszbz</subfield></datafield><datafield ind1=" " ind2="7" tag="650"><subfield code="a">Metapher</subfield><subfield code="2">idszbz</subfield></datafield><datafield ind1=" " ind2="7" tag="650"><subfield code="a">Semantik</subfield><subfield code="2">idszbz</subfield></datafield><datafield ind1=" " ind2="0" tag="650"><subfield code="a">Concepts</subfield></datafield><datafield ind1=" " ind2="0" tag="650"><subfield code="a">Pragmatics</subfield></datafield><datafield ind1=" " ind2="0" tag="650"><subfield code="a">Metaphor</subfield></datafield><datafield ind1=" " ind2="0" tag="650"><subfield code="a">Semantics</subfield></datafield><datafield ind1=" " ind2="7" tag="650"><subfield code="a">Metapher</subfield><subfield code="2">idsbb</subfield></datafield><datafield ind1=" " ind2=" " tag="691"><subfield code="e">808</subfield><subfield code="a">Retorica e raccolte di testi letterari tratti da più di due letterature</subfield><subfield code="2">usi-TE</subfield></datafield><datafield ind1="4" ind2=" " tag="856"><subfield code="3">Inhaltsverzeichnis</subfield><subfield code="u">http://www.ub.unibas.ch/tox/HBZ/HT015216782/PDF</subfield><subfield code="q">pdf</subfield></datafield><datafield ind1=" " ind2=" " tag="830"><subfield code="a">Curent research in the semantics/pragmatics interface</subfield><subfield code="v">7</subfield><subfield code="w">(SBT)000144701SBT01</subfield></datafield><datafield ind1=" " ind2=" " tag="830"><subfield code="a">Current research in the semantics/pragmatics interface</subfield><subfield code="v">7</subfield><subfield code="w">(RERO)R265373560-41slsp</subfield></datafield><datafield ind1=" " ind2=" " tag="900"><subfield code="a">REROnoselfmerge</subfield></datafield><datafield ind1=" " ind2=" " tag="900"><subfield code="a">IDSZ2zbzmon200206f</subfield><subfield code="c">IDSZ2suse</subfield><subfield code="d">IDSZ2zbzswk200306b</subfield><subfield code="e">IDSZ2boxm</subfield></datafield><datafield ind1=" " ind2=" " tag="949"><subfield code="a">http://www.ub.unibas.ch/tox/HBZ/HT015216782/PDF</subfield></datafield></record>
</metadata></record>