<record><header><identifier>oai:alma.41SLSP_UGE:991000010869705502</identifier><datestamp>2023-03-30T00:09:26Z</datestamp><setSpec>uge_bcen_RapidILL_BOOK</setSpec><setSpec>uge_aaca_RapidILL_BOOK</setSpec><setSpec>uge_abels_RapidILL_BOOK</setSpec><setSpec>uge_dbu_RapidILL_BOOK</setSpec><setSpec>uge_cmu_RapidILL_BOOK</setSpec><setSpec>uge_mail_RapidILL_BOOK</setSpec><setSpec>uge_abbat_RapidILL_BOOK</setSpec><setSpec>UNIGE_ALL</setSpec><setSpec>uge_aobs_RapidILL_BOOK</setSpec><setSpec>uge_acar_RapidILL_BOOK</setSpec></header><metadata>
<record xmlns="http://www.loc.gov/MARC21/slim" xmlns:xsi="http://www.w3.org/2001/XMLSchema-instance" xsi:schemaLocation="http://www.loc.gov/MARC21/slim http://www.loc.gov/standards/marcxml/schema/MARC21slim.xsd"><leader>01406nam a2200337 c 4500</leader><controlfield tag="001">991000010869705502</controlfield><controlfield tag="005">20230329202230.0</controlfield><controlfield tag="008">030321s1892    sz ||||| |||| 00| ||fre d</controlfield><datafield ind1=" " ind2=" " tag="035"><subfield code="a">(swissbib)098791230-41slsp_network</subfield></datafield><datafield ind1=" " ind2=" " tag="035"><subfield code="a">098791230</subfield><subfield code="9">ExL</subfield></datafield><datafield ind1=" " ind2=" " tag="035"><subfield code="a">(RERO)R003331013-41slsp</subfield></datafield><datafield ind1=" " ind2=" " tag="035"><subfield code="a">(EXLNZ-41SLSP_NETWORK)991020049889705501</subfield></datafield><datafield ind1=" " ind2=" " tag="040"><subfield code="a">RERO geulsh</subfield><subfield code="d">CH-ZuSLS</subfield></datafield><datafield ind1=" " ind2=" " tag="044"><subfield code="a">sz</subfield><subfield code="c">ch-ge</subfield></datafield><datafield ind1=" " ind2="7" tag="072"><subfield code="a">ht</subfield><subfield code="2">rero</subfield></datafield><datafield ind1="1" ind2=" " tag="100"><subfield code="a">Aubert-Schuchardt, Emile</subfield><subfield code="0">(RERO)A002950644</subfield><subfield code="4">cre</subfield></datafield><datafield ind1="1" ind2="0" tag="245"><subfield code="a">Actes de sauvetage accomplis à Genève 1814-1890</subfield><subfield code="b">recueil anecdotique rédigé d'après des documents officiels (1ère partie)</subfield><subfield code="c">par E. Aubert-Schuchardt. [Suivi de:] Actes de la Société de sauvetage du Lac Léman (2e partie)</subfield></datafield><datafield ind1="1" ind2=" " tag="246"><subfield code="a">Actes de la Société de sauvetage du Lac Léman</subfield></datafield><datafield ind1=" " ind2=" " tag="250"><subfield code="a">2e éd. illustrée de 10 gravures</subfield></datafield><datafield ind1=" " ind2="1" tag="264"><subfield code="a">Genève</subfield><subfield code="b">J. Jullien, libraire</subfield><subfield code="c">1892</subfield></datafield><datafield ind1=" " ind2=" " tag="300"><subfield code="a">224 p.</subfield><subfield code="b">ill.</subfield><subfield code="c">4° (20 cm)</subfield></datafield><datafield ind1=" " ind2=" " tag="336"><subfield code="b">txt</subfield><subfield code="2">rdacontent</subfield></datafield><datafield ind1=" " ind2=" " tag="337"><subfield code="b">n</subfield><subfield code="2">rdamedia</subfield></datafield><datafield ind1=" " ind2=" " tag="338"><subfield code="b">nc</subfield><subfield code="2">rdacarrier</subfield></datafield><datafield ind1=" " ind2=" " tag="500"><subfield code="a">En tête du titre: Annales du dévouement</subfield></datafield><datafield ind1=" " ind2="7" tag="650"><subfield code="a">Sauvetage</subfield><subfield code="0">(IDREF)027504107</subfield><subfield code="2">idref</subfield></datafield><datafield ind1=" " ind2="7" tag="650"><subfield code="a">1814-1890</subfield><subfield code="2">rero</subfield></datafield><datafield ind1=" " ind2="7" tag="651"><subfield code="a">Genève (Suisse ; canton)</subfield><subfield code="0">(IDREF)030575257</subfield><subfield code="2">idref</subfield></datafield><datafield ind1=" " ind2="7" tag="651"><subfield code="a">Léman, Lac</subfield><subfield code="0">(IDREF)02773417X</subfield><subfield code="2">idref</subfield></datafield><datafield ind1="1" ind2="2" tag="700"><subfield code="a">Aubert-Schuchardt, Emile</subfield><subfield code="t">Annales du dévouement</subfield></datafield><datafield ind1="2" ind2=" " tag="710"><subfield code="a">Société internationale de sauvetage du Léman‏</subfield><subfield code="0">(IDREF)261440969</subfield></datafield><datafield ind1=" " ind2=" " tag="900"><subfield code="a">REROnoselfmerge</subfield></datafield></record>
</metadata></record>