<record><header><identifier>oai:alma.41SLSP_UGE:991000010969705502</identifier><datestamp>2024-09-28T00:14:21Z</datestamp><setSpec>uge_bcen_RapidILL_BOOK</setSpec><setSpec>uge_aaca_RapidILL_BOOK</setSpec><setSpec>uge_abels_RapidILL_BOOK</setSpec><setSpec>uge_dbu_RapidILL_BOOK</setSpec><setSpec>uge_cmu_RapidILL_BOOK</setSpec><setSpec>uge_mail_RapidILL_BOOK</setSpec><setSpec>uge_abbat_RapidILL_BOOK</setSpec><setSpec>UNIGE_ALL</setSpec><setSpec>uge_aobs_RapidILL_BOOK</setSpec><setSpec>uge_acar_RapidILL_BOOK</setSpec></header><metadata>
<record xmlns="http://www.loc.gov/MARC21/slim" xmlns:xsi="http://www.w3.org/2001/XMLSchema-instance" xsi:schemaLocation="http://www.loc.gov/MARC21/slim http://www.loc.gov/standards/marcxml/schema/MARC21slim.xsd"><leader>01271naa a2200325 c 4500</leader><controlfield tag="001">991000010969705502</controlfield><controlfield tag="005">20240927183054.0</controlfield><controlfield tag="008">201012s1999    sz ||||| |||| 00| ||ger d</controlfield><datafield ind1=" " ind2=" " tag="035"><subfield code="a">(swissbib)235371025-41slsp_network</subfield></datafield><datafield ind1=" " ind2=" " tag="035"><subfield code="a">235371025</subfield><subfield code="9">ExL</subfield></datafield><datafield ind1=" " ind2=" " tag="035"><subfield code="a">(RERO)R254861660-41slsp</subfield></datafield><datafield ind1=" " ind2=" " tag="035"><subfield code="a">(IDSBB)001941766DSV01</subfield></datafield><datafield ind1=" " ind2=" " tag="035"><subfield code="a">(ALEX)bv80024524</subfield></datafield><datafield ind1=" " ind2=" " tag="035"><subfield code="a">(EXLNZ-41SLSP_NETWORK)991081727079705501</subfield></datafield><datafield ind1=" " ind2=" " tag="040"><subfield code="a">RERO neubfd</subfield><subfield code="d">CH-ZuSLS</subfield></datafield><datafield ind1=" " ind2=" " tag="044"><subfield code="a">sz</subfield><subfield code="c">ch-bs</subfield></datafield><datafield ind1=" " ind2="7" tag="072"><subfield code="a">dr</subfield><subfield code="2">rero</subfield></datafield><datafield ind1=" " ind2=" " tag="084"><subfield code="a">CA/CH-BS 25 i</subfield><subfield code="2">cjurrom</subfield></datafield><datafield ind1="1" ind2=" " tag="100"><subfield code="a">Pfeifer, Michael</subfield><subfield code="0">(RERO)A003689008</subfield><subfield code="4">cre</subfield></datafield><datafield ind1="1" ind2="0" tag="245"><subfield code="a">&lt;&lt;Die&gt;&gt; Zukunft des Notariats in Basel</subfield><subfield code="c">von Michael Pfeifer</subfield></datafield><datafield ind1=" " ind2=" " tag="336"><subfield code="b">txt</subfield><subfield code="2">rdacontent</subfield></datafield><datafield ind1=" " ind2=" " tag="337"><subfield code="b">n</subfield><subfield code="2">rdamedia</subfield></datafield><datafield ind1=" " ind2=" " tag="338"><subfield code="b">nc</subfield><subfield code="2">rdacarrier</subfield></datafield><datafield ind1=" " ind2=" " tag="580"><subfield code="a">In: Basler juristische Mitteilungen. - Basel. - 1999, Nr. 1, S. 20-37</subfield></datafield><datafield ind1=" " ind2="7" tag="650"><subfield code="a">Notar</subfield><subfield code="9">ger</subfield><subfield code="0">(RERO)jurivoc000016085ger</subfield><subfield code="2">jurivoc</subfield></datafield><datafield ind1=" " ind2="7" tag="650"><subfield code="a">kantonales Recht</subfield><subfield code="9">ger</subfield><subfield code="0">(RERO)jurivoc000012405ger</subfield><subfield code="2">jurivoc</subfield></datafield><datafield ind1=" " ind2="7" tag="651"><subfield code="a">Schweiz</subfield><subfield code="9">ger</subfield><subfield code="0">(RERO)jurivoc000019912ger</subfield><subfield code="2">jurivoc</subfield></datafield><datafield ind1=" " ind2="7" tag="651"><subfield code="a">Basel-Landschaft</subfield><subfield code="9">ger</subfield><subfield code="0">(RERO)jurivoc000002749ger</subfield><subfield code="2">jurivoc</subfield></datafield><datafield ind1=" " ind2="7" tag="651"><subfield code="a">Basel-Stadt(Kanton)</subfield><subfield code="9">ger</subfield><subfield code="0">(RERO)jurivoc000002751ger</subfield><subfield code="2">jurivoc</subfield></datafield><datafield ind1=" " ind2=" " tag="691"><subfield code="e">3.1.1.3.1</subfield><subfield code="2">ubs-FA</subfield></datafield><datafield ind1="0" ind2=" " tag="773"><subfield code="t">Basler juristische Mitteilungen</subfield><subfield code="d">Basel</subfield><subfield code="g">1999, Nr. 1, S. 20-37</subfield><subfield code="q">1999/1/20-37</subfield><subfield code="w">(IDSBB)000053140DSV01</subfield></datafield></record>
</metadata></record>