<record><header><identifier>oai:alma.41SLSP_UGE:991000007679705502</identifier><datestamp>2023-03-01T01:09:13Z</datestamp><setSpec>uge_bcen_RapidILL_BOOK</setSpec><setSpec>uge_aaca_RapidILL_BOOK</setSpec><setSpec>uge_abels_RapidILL_BOOK</setSpec><setSpec>uge_dbu_RapidILL_BOOK</setSpec><setSpec>uge_cmu_RapidILL_BOOK</setSpec><setSpec>uge_mail_RapidILL_BOOK</setSpec><setSpec>UNIGE_ALL</setSpec><setSpec>uge_abbat_RapidILL_BOOK</setSpec><setSpec>uge_aobs_RapidILL_BOOK</setSpec><setSpec>uge_acar_RapidILL_BOOK</setSpec></header><metadata>
<record xmlns="http://www.loc.gov/MARC21/slim" xmlns:xsi="http://www.w3.org/2001/XMLSchema-instance" xsi:schemaLocation="http://www.loc.gov/MARC21/slim http://www.loc.gov/standards/marcxml/schema/MARC21slim.xsd"><leader>01759nam a2200361 c 4500</leader><controlfield tag="001">991000007679705502</controlfield><controlfield tag="005">20201231162504.0</controlfield><controlfield tag="008">201012s1931    fr ||||| |||| 00| ||fre d</controlfield><datafield ind1=" " ind2=" " tag="035"><subfield code="a">(swissbib)24066972X-41slsp_network</subfield></datafield><datafield ind1=" " ind2=" " tag="035"><subfield code="a">24066972X</subfield><subfield code="9">ExL</subfield></datafield><datafield ind1=" " ind2=" " tag="035"><subfield code="a">(RERO)R246952960-41slsp</subfield></datafield><datafield ind1=" " ind2=" " tag="035"><subfield code="a">(NEBIS)009258947EBI01</subfield></datafield><datafield ind1=" " ind2=" " tag="035"><subfield code="a">(EXLNZ-41SLSP_NETWORK)991035281109705501</subfield></datafield><datafield ind1=" " ind2=" " tag="040"><subfield code="a">RERO geulfr</subfield><subfield code="d">CH-ZuSLS</subfield></datafield><datafield ind1=" " ind2="7" tag="072"><subfield code="a">fr</subfield><subfield code="2">rero</subfield></datafield><datafield ind1="1" ind2=" " tag="100"><subfield code="6">880-01</subfield><subfield code="a">Rétif de La Bretonne, Nicolas-Edme</subfield><subfield code="d">1734-1806</subfield><subfield code="0">(IDREF)027095924</subfield><subfield code="4">cre</subfield></datafield><datafield ind1="1" ind2=" " tag="880"><subfield code="a">Rétif de La Bretonne, Nicolas-Edme</subfield><subfield code="d">1734-1806</subfield><subfield code="0">(DE-588)11864193X</subfield><subfield code="6">100-01</subfield></datafield><datafield ind1="1" ind2="0" tag="245"><subfield code="a">&lt;&lt;Le&gt;&gt; ménage parisien</subfield><subfield code="b">; suivi de La femme infidèle ; Ingénue Saxancour</subfield><subfield code="c">Restif de la Bretonne ; texte et notes établis par Henri Bachelin ; six cuivres originaux de Carlo Farnetti</subfield></datafield><datafield ind1=" " ind2="1" tag="264"><subfield code="a">Paris</subfield><subfield code="b">Ed. du Trianon</subfield><subfield code="c">1931</subfield></datafield><datafield ind1=" " ind2=" " tag="300"><subfield code="a">411 p.</subfield><subfield code="b">portr.</subfield><subfield code="c">21 cm</subfield></datafield><datafield ind1=" " ind2=" " tag="336"><subfield code="b">txt</subfield><subfield code="2">rdacontent</subfield></datafield><datafield ind1=" " ind2=" " tag="337"><subfield code="b">n</subfield><subfield code="2">rdamedia</subfield></datafield><datafield ind1=" " ind2=" " tag="338"><subfield code="b">nc</subfield><subfield code="2">rdacarrier</subfield></datafield><datafield ind1="1" ind2=" " tag="490"><subfield code="a">L'oeuvre de Restif de la Bretonne</subfield><subfield code="v">tome 5</subfield></datafield><datafield ind1="1" ind2="2" tag="700"><subfield code="a">Rétif de la Bretonne, Nicolas-Edme</subfield><subfield code="d">1734-1806</subfield><subfield code="t">&lt;&lt;La&gt;&gt; femme infidèle</subfield></datafield><datafield ind1="1" ind2="2" tag="700"><subfield code="a">Rétif de la Bretonne, Nicolas-Edme</subfield><subfield code="d">1734-1806</subfield><subfield code="t">&lt;&lt;Le&gt;&gt; ménage parisien</subfield></datafield><datafield ind1="1" ind2="2" tag="700"><subfield code="a">Rétif de La Bretonne, Nicolas-Edme</subfield><subfield code="d">1734-1806</subfield><subfield code="t">&lt;&lt;Le&gt;&gt; ménage parisien</subfield></datafield><datafield ind1="1" ind2="2" tag="700"><subfield code="a">Rétif de La Bretonne, Nicolas-Edme</subfield><subfield code="d">1734-1806</subfield><subfield code="t">&lt;&lt;La&gt;&gt; femme infidèle</subfield></datafield><datafield ind1="1" ind2=" " tag="700"><subfield code="a">Bachelin, Henri</subfield><subfield code="0">(RERO)A002957790</subfield></datafield><datafield ind1="1" ind2=" " tag="700"><subfield code="a">Farnetti, Carlo</subfield><subfield code="0">(RERO)A005551524</subfield></datafield><datafield ind1="1" ind2="2" tag="700"><subfield code="a">Rétif de La Bretonne, Nicolas-Edme</subfield><subfield code="d">1734-1806</subfield><subfield code="t">Ingénue Saxancour</subfield></datafield><datafield ind1="1" ind2=" " tag="800"><subfield code="a">Rétif de La Bretonne, Nicolas-Edme</subfield><subfield code="d">1734-1806</subfield><subfield code="t">&lt;&lt;L'&gt;&gt;oeuvre</subfield><subfield code="v">5</subfield></datafield><datafield ind1="1" ind2=" " tag="800"><subfield code="a">Rétif de la Bretonne, Nicolas-Edme</subfield><subfield code="d">1734-1806</subfield><subfield code="t">&lt;&lt;L'&gt;&gt;oeuvre de Restif de la Bretonne</subfield><subfield code="v">5</subfield><subfield code="w">(NEBIS)008855900EBI01</subfield></datafield><datafield ind1=" " ind2=" " tag="900"><subfield code="a">REROnoselfmerge</subfield></datafield></record>
</metadata></record>