<record><header><identifier>oai:alma.41SLSP_UGE:991000010889705502</identifier><datestamp>2023-03-01T01:09:13Z</datestamp><setSpec>uge_bcen_RapidILL_BOOK</setSpec><setSpec>uge_aaca_RapidILL_BOOK</setSpec><setSpec>uge_abels_RapidILL_BOOK</setSpec><setSpec>uge_dbu_RapidILL_BOOK</setSpec><setSpec>uge_cmu_RapidILL_BOOK</setSpec><setSpec>uge_mail_RapidILL_BOOK</setSpec><setSpec>UNIGE_ALL</setSpec><setSpec>uge_abbat_RapidILL_BOOK</setSpec><setSpec>uge_acar_RapidILL_BOOK</setSpec><setSpec>uge_aobs_RapidILL_BOOK</setSpec></header><metadata>
<record xmlns="http://www.loc.gov/MARC21/slim" xmlns:xsi="http://www.w3.org/2001/XMLSchema-instance" xsi:schemaLocation="http://www.loc.gov/MARC21/slim http://www.loc.gov/standards/marcxml/schema/MARC21slim.xsd"><leader>04426nam a2201033 c 4500</leader><controlfield tag="001">991000010889705502</controlfield><controlfield tag="005">20230223204146.0</controlfield><controlfield tag="008">201012s1993    sz ||||| |||| 00| ||fre d</controlfield><datafield ind1=" " ind2=" " tag="035"><subfield code="a">(swissbib)233630554-41slsp_network</subfield></datafield><datafield ind1=" " ind2=" " tag="035"><subfield code="a">233630554</subfield><subfield code="9">ExL</subfield></datafield><datafield ind1=" " ind2=" " tag="035"><subfield code="a">(RERO)1759631-41slsp</subfield></datafield><datafield ind1=" " ind2=" " tag="035"><subfield code="a">(IDSBB)000949234DSV01</subfield></datafield><datafield ind1=" " ind2=" " tag="035"><subfield code="a">(IDSLU)000074359ILU01</subfield></datafield><datafield ind1=" " ind2=" " tag="035"><subfield code="a">(NEBIS)001337895EBI01</subfield></datafield><datafield ind1=" " ind2=" " tag="035"><subfield code="a">(EXLNZ-41SLSP_NETWORK)991153941189705501</subfield></datafield><datafield ind1=" " ind2=" " tag="040"><subfield code="a">RERO gevbpu</subfield><subfield code="d">CH-ZuSLS</subfield></datafield><datafield ind1=" " ind2=" " tag="044"><subfield code="a">sz</subfield><subfield code="c">ch-vd</subfield></datafield><datafield ind1=" " ind2="7" tag="072"><subfield code="a">hm</subfield><subfield code="2">rero</subfield></datafield><datafield ind1=" " ind2="7" tag="072"><subfield code="a">ng</subfield><subfield code="2">SzZuIDS BS/BE</subfield></datafield><datafield ind1=" " ind2="7" tag="072"><subfield code="a">kh</subfield><subfield code="2">SzZuIDS BS/BE</subfield></datafield><datafield ind1=" " ind2="7" tag="072"><subfield code="a">660</subfield><subfield code="2">IDS LU</subfield></datafield><datafield ind1="0" ind2="0" tag="082"><subfield code="a">391/.022/09444809022</subfield><subfield code="2">20</subfield></datafield><datafield ind1="0" ind2="4" tag="082"><subfield code="a">390</subfield></datafield><datafield ind1="0" ind2="4" tag="082"><subfield code="a">391.0220944585</subfield></datafield><datafield ind1="1" ind2="4" tag="082"><subfield code="a">900</subfield><subfield code="2">15</subfield></datafield><datafield ind1="7" ind2="4" tag="082"><subfield code="a">940</subfield><subfield code="2">23sdnb</subfield></datafield><datafield ind1=" " ind2=" " tag="084"><subfield code="a">NM 1110</subfield><subfield code="2">rvk</subfield></datafield><datafield ind1="1" ind2=" " tag="100"><subfield code="a">Page, Agnès</subfield><subfield code="0">(IDREF)057098182</subfield><subfield code="4">aut</subfield></datafield><datafield ind1="1" ind2="0" tag="245"><subfield code="a">Vêtir le prince</subfield><subfield code="b">tissus et couleurs à la cour de Savoie (1427-1447)</subfield><subfield code="c">Agnès Page</subfield></datafield><datafield ind1=" " ind2="1" tag="264"><subfield code="a">Lausanne</subfield><subfield code="b">Section d'Histoire, Faculté des Lettres, Université de Lausanne</subfield><subfield code="c">1993</subfield></datafield><datafield ind1=" " ind2=" " tag="300"><subfield code="a">228 S.</subfield><subfield code="b">Ill.</subfield><subfield code="c">22 cm</subfield></datafield><datafield ind1=" " ind2=" " tag="336"><subfield code="b">txt</subfield><subfield code="2">rdacontent</subfield></datafield><datafield ind1=" " ind2=" " tag="337"><subfield code="b">n</subfield><subfield code="2">rdamedia</subfield></datafield><datafield ind1=" " ind2=" " tag="338"><subfield code="b">nc</subfield><subfield code="2">rdacarrier</subfield></datafield><datafield ind1="1" ind2=" " tag="490"><subfield code="a">Cahiers lausannois d'histoire médiévale</subfield><subfield code="v">8</subfield></datafield><datafield ind1=" " ind2=" " tag="500"><subfield code="a">Vortitel: Fondation Humbert II et Marie José de Savoie</subfield></datafield><datafield ind1=" " ind2=" " tag="504"><subfield code="a">Bibliogr.: p. 221-226</subfield></datafield><datafield ind1=" " ind2=" " tag="504"><subfield code="a">Literaturverz.</subfield></datafield><datafield ind1="4" ind2=" " tag="510"><subfield code="a">Revue suisse d'histoire. - Bâle. - No 4(1994), p. 435 (Kathrin Utz Tremp)</subfield></datafield><datafield ind1="8" ind2=" " tag="520"><subfield code="a">Analyse: Etude sur les tenues vestimentaires de la Cour ducale sous le règne du Duc Louis de Savoie, fils d'Amédée VIII.</subfield><subfield code="5">RERO/23.11.1993/labcur/cgi</subfield></datafield><datafield ind1="8" ind2=" " tag="520"><subfield code="a">On apprend que la Cour de Savoie se fournissait de cadis ou blanc de Fribourg. Voir. p. 70 ss + annexes.</subfield><subfield code="5">RERO/bfrc1</subfield><subfield code="5">RERO/bfr94</subfield><subfield code="5">RERO/11.01.1996/frbcuc/jpu</subfield></datafield><datafield ind1="0" ind2="7" tag="600"><subfield code="a">Savoyen</subfield><subfield code="c">Familie</subfield><subfield code="x">Kleidung</subfield><subfield code="2">idsbb</subfield></datafield><datafield ind1="3" ind2="7" tag="600"><subfield code="a">Savoyen</subfield><subfield code="c">Familie</subfield><subfield code="0">(DE-588)118808710</subfield><subfield code="2">gnd</subfield></datafield><datafield ind1="0" ind2="0" tag="600"><subfield code="a">Felix</subfield><subfield code="b">V</subfield><subfield code="c">Antipope</subfield><subfield code="d">1383-1451</subfield><subfield code="x">Family</subfield></datafield><datafield ind1=" " ind2="7" tag="648"><subfield code="a">Geschichte 1427-1447</subfield><subfield code="2">gnd</subfield></datafield><datafield ind1=" " ind2="7" tag="648"><subfield code="a">Geschichte 1400-1500</subfield><subfield code="2">idszbz</subfield></datafield><datafield ind1=" " ind2="7" tag="648"><subfield code="a">Geschichte 1427-1477</subfield><subfield code="2">idszbz</subfield></datafield><datafield ind1=" " ind2="7" tag="650"><subfield code="a">Cour et courtisans</subfield><subfield code="0">(IDREF)027231054</subfield><subfield code="2">idref</subfield></datafield><datafield ind1=" " ind2="7" tag="650"><subfield code="a">1427-1447</subfield><subfield code="2">rero</subfield></datafield><datafield ind1=" " ind2="7" tag="650"><subfield code="a">Couleur (philosophie)</subfield><subfield code="0">(IDREF)030656656</subfield><subfield code="2">idref</subfield></datafield><datafield ind1=" " ind2="7" tag="650"><subfield code="a">Textiles et tissus</subfield><subfield code="0">(IDREF)027253031</subfield><subfield code="2">idref</subfield></datafield><datafield ind1=" " ind2="7" tag="650"><subfield code="a">Vêtements</subfield><subfield code="0">(IDREF)027637425</subfield><subfield code="2">idref</subfield></datafield><datafield ind1=" " ind2="7" tag="650"><subfield code="a">Hofkleidung</subfield><subfield code="z">Savoyen</subfield><subfield code="y">Geschichte 15. Jh</subfield><subfield code="2">idsbb</subfield></datafield><datafield ind1=" " ind2="7" tag="650"><subfield code="a">Hof</subfield><subfield code="2">idszbz</subfield></datafield><datafield ind1=" " ind2="7" tag="650"><subfield code="a">Kostüm</subfield><subfield code="2">idszbz</subfield></datafield><datafield ind1=" " ind2="7" tag="650"><subfield code="a">Hofkleidung</subfield><subfield code="0">(DE-588)4209628-5</subfield><subfield code="2">gnd</subfield></datafield><datafield ind1=" " ind2="7" tag="650"><subfield code="a">Ästhetik</subfield><subfield code="0">(DE-588)4000626-8</subfield><subfield code="2">gnd</subfield></datafield><datafield ind1=" " ind2="7" tag="650"><subfield code="a">Angewandte Kunst</subfield><subfield code="0">(DE-588)7593577-6</subfield><subfield code="2">gnd</subfield></datafield><datafield ind1=" " ind2="7" tag="650"><subfield code="a">Farbe</subfield><subfield code="0">(DE-588)4016443-3</subfield><subfield code="2">gnd</subfield></datafield><datafield ind1=" " ind2="7" tag="650"><subfield code="a">Farbgestaltung</subfield><subfield code="0">(DE-588)4153709-9</subfield><subfield code="2">gnd</subfield></datafield><datafield ind1=" " ind2="7" tag="650"><subfield code="a">Hof</subfield><subfield code="0">(DE-588)4025453-7</subfield><subfield code="2">gnd</subfield></datafield><datafield ind1=" " ind2="7" tag="650"><subfield code="a">Kleidung</subfield><subfield code="0">(DE-588)4031011-5</subfield><subfield code="2">gnd</subfield></datafield><datafield ind1=" " ind2="7" tag="650"><subfield code="a">Mode</subfield><subfield code="0">(DE-588)4039792-0</subfield><subfield code="2">gnd</subfield></datafield><datafield ind1=" " ind2="7" tag="650"><subfield code="a">Repräsentation</subfield><subfield code="0">(DE-588)4137492-7</subfield><subfield code="2">gnd</subfield></datafield><datafield ind1=" " ind2="7" tag="650"><subfield code="a">Stoff</subfield><subfield code="g">Textilien</subfield><subfield code="0">(DE-588)4135786-3</subfield><subfield code="2">gnd</subfield></datafield><datafield ind1=" " ind2="7" tag="650"><subfield code="a">Textilkunst</subfield><subfield code="0">(DE-588)4059624-2</subfield><subfield code="2">gnd</subfield></datafield><datafield ind1=" " ind2="0" tag="650"><subfield code="a">Clothing and dress</subfield></datafield><datafield ind1=" " ind2="0" tag="650"><subfield code="a">Costume</subfield><subfield code="x">History</subfield><subfield code="y">Medieval, 500-1500</subfield></datafield><datafield ind1=" " ind2="7" tag="651"><subfield code="a">Savoie</subfield><subfield code="0">(IDREF)031152791</subfield><subfield code="2">idref</subfield></datafield><datafield ind1=" " ind2="7" tag="651"><subfield code="a">Frankreich</subfield><subfield code="2">idszbz</subfield></datafield><datafield ind1=" " ind2="7" tag="651"><subfield code="a">Savoyen</subfield><subfield code="2">idszbz</subfield></datafield><datafield ind1=" " ind2="7" tag="651"><subfield code="a">Savoyen</subfield><subfield code="0">(DE-588)4051850-4</subfield><subfield code="2">gnd</subfield></datafield><datafield ind1=" " ind2="0" tag="651"><subfield code="a">Savoy (France and Italy)</subfield><subfield code="x">Kings and rulers</subfield><subfield code="x">Clothing</subfield></datafield><datafield ind1=" " ind2="0" tag="651"><subfield code="a">Savoy (France and Italy)</subfield><subfield code="x">Kings and rulers</subfield><subfield code="x">Genealogy</subfield></datafield><datafield ind1=" " ind2=" " tag="690"><subfield code="a">Waadt. Mittelalter</subfield><subfield code="2">ubs-AF</subfield></datafield><datafield ind1=" " ind2=" " tag="690"><subfield code="a">Savoyen</subfield><subfield code="2">ubs-AF</subfield></datafield><datafield ind1=" " ind2=" " tag="690"><subfield code="a">Hof</subfield><subfield code="2">ubs-AF</subfield></datafield><datafield ind1=" " ind2=" " tag="690"><subfield code="a">Kulturgeschichte.Mittelalter</subfield><subfield code="2">ubs-AF</subfield></datafield><datafield ind1=" " ind2=" " tag="690"><subfield code="a">Kleidung</subfield><subfield code="2">ubs-AF</subfield></datafield><datafield ind1=" " ind2=" " tag="690"><subfield code="a">Kleidung. Savoyen-Herzogtum. Geschichte. M.A. 15. Jh., B: Fürstenhof</subfield><subfield code="2">rzs-L1</subfield></datafield><datafield ind1=" " ind2=" " tag="690"><subfield code="a">Sozialgeschichte, B: Kleidung: Fürstenhof. Savoyen-Herzogtum. M.A. 15. Jh.</subfield><subfield code="2">rzs-L1</subfield></datafield><datafield ind1=" " ind2=" " tag="690"><subfield code="a">Textilien. Savoyen-Herzogtum. Geschichte. M.A. 15. Jh., B: Fürstenhof</subfield><subfield code="2">rzs-L1</subfield></datafield><datafield ind1=" " ind2=" " tag="690"><subfield code="a">Farbe, B: Symbolik: Kleidung: Fürstenhof. Savoyen-Herzogtum. Geschichte. M.A. 15. Jh.</subfield><subfield code="2">rzs-L1</subfield></datafield><datafield ind1=" " ind2=" " tag="690"><subfield code="a">Hofleben. Savoyen-Herzogtum. Geschichte. M.A. 15. Jh., B: Kleidung</subfield><subfield code="2">rzs-L1</subfield></datafield><datafield ind1=" " ind2=" " tag="690"><subfield code="a">Savoyen</subfield><subfield code="2">rzs-L2</subfield></datafield><datafield ind1=" " ind2=" " tag="690"><subfield code="a">Kulturgeschichte</subfield><subfield code="2">rzs-L2</subfield></datafield><datafield ind1=" " ind2=" " tag="690"><subfield code="a">Wirtschaftsgeschichte. übrige</subfield><subfield code="2">rzs-L2</subfield></datafield><datafield ind1=" " ind2="0" tag="830"><subfield code="a">Cahiers lausannois d'histoire médiévale</subfield><subfield code="v">8</subfield><subfield code="w">(IDSBB)000512796DSV01</subfield></datafield><datafield ind1=" " ind2="0" tag="830"><subfield code="a">Cahiers lausannois d'histoire médiévale</subfield><subfield code="v">8</subfield><subfield code="w">(RERO)1101968-41slsp</subfield></datafield><datafield ind1=" " ind2=" " tag="900"><subfield code="a">REROnoselfmerge</subfield></datafield></record>
</metadata></record>