<record><header><identifier>oai:alma.41SLSP_UGE:991000007469705502</identifier><datestamp>2023-03-01T01:09:13Z</datestamp><setSpec>uge_bcen_RapidILL_BOOK</setSpec><setSpec>uge_aaca_RapidILL_BOOK</setSpec><setSpec>uge_abels_RapidILL_BOOK</setSpec><setSpec>uge_dbu_RapidILL_BOOK</setSpec><setSpec>uge_cmu_RapidILL_BOOK</setSpec><setSpec>uge_mail_RapidILL_BOOK</setSpec><setSpec>UNIGE_ALL</setSpec><setSpec>uge_abbat_RapidILL_BOOK</setSpec><setSpec>uge_aobs_RapidILL_BOOK</setSpec><setSpec>uge_acar_RapidILL_BOOK</setSpec></header><metadata>
<record xmlns="http://www.loc.gov/MARC21/slim" xmlns:xsi="http://www.w3.org/2001/XMLSchema-instance" xsi:schemaLocation="http://www.loc.gov/MARC21/slim http://www.loc.gov/standards/marcxml/schema/MARC21slim.xsd"><leader>01036nam a22002772c 4500</leader><controlfield tag="001">991000007469705502</controlfield><controlfield tag="005">20201227165447.0</controlfield><controlfield tag="008">140714s1912    gw ||||| |||| 00| ||ger d</controlfield><datafield ind1=" " ind2=" " tag="035"><subfield code="a">(swissbib)120125625-41slsp_network</subfield></datafield><datafield ind1=" " ind2=" " tag="035"><subfield code="a">120125625</subfield><subfield code="9">ExL</subfield></datafield><datafield ind1=" " ind2=" " tag="035"><subfield code="a">(RERO)R007801803-41slsp</subfield></datafield><datafield ind1=" " ind2=" " tag="035"><subfield code="a">(EXLNZ-41SLSP_NETWORK)991139206959705501</subfield></datafield><datafield ind1=" " ind2=" " tag="040"><subfield code="a">Sz</subfield><subfield code="d">CH-ZuSLS</subfield></datafield><datafield ind1=" " ind2="7" tag="072"><subfield code="a">ph</subfield><subfield code="2">rero</subfield></datafield><datafield ind1="1" ind2=" " tag="100"><subfield code="a">Hegemeister, Walter</subfield><subfield code="0">(RERO)A024507281</subfield><subfield code="4">cre</subfield></datafield><datafield ind1="1" ind2="0" tag="245"><subfield code="a">Friedrich Nietzsches Geschichtauffassung</subfield><subfield code="b">Ihre Entstehung und ihr Wandel in kulturgeschtlicher Beleuchtung</subfield><subfield code="c">von Walter Hegemeister</subfield></datafield><datafield ind1=" " ind2="1" tag="264"><subfield code="a">Leipzig</subfield><subfield code="b">R. Voigtländer</subfield><subfield code="c">1912</subfield></datafield><datafield ind1=" " ind2=" " tag="300"><subfield code="a">49 p.</subfield><subfield code="c">21 cm.</subfield></datafield><datafield ind1=" " ind2=" " tag="336"><subfield code="b">txt</subfield><subfield code="2">rdacontent</subfield></datafield><datafield ind1=" " ind2=" " tag="337"><subfield code="b">n</subfield><subfield code="2">rdamedia</subfield></datafield><datafield ind1=" " ind2=" " tag="338"><subfield code="b">nc</subfield><subfield code="2">rdacarrier</subfield></datafield><datafield ind1="1" ind2=" " tag="490"><subfield code="a">Beiträge zur Kultur- und Universalgeschichte</subfield><subfield code="v">19</subfield></datafield><datafield ind1=" " ind2=" " tag="500"><subfield code="a">Xerogr. Reprod.: 21 x 30 cm. 25 Bl</subfield></datafield><datafield ind1=" " ind2=" " tag="533"><subfield code="a">Xerogr. Reprod</subfield><subfield code="b">Bern</subfield><subfield code="c">Schweizerische Landesbibliothek</subfield><subfield code="d">[s.d.]</subfield></datafield><datafield ind1=" " ind2=" " tag="830"><subfield code="a">Beiträge zur Kultur- und Universalgeschichte</subfield><subfield code="v">19</subfield><subfield code="w">(RERO)R255263160-41slsp</subfield></datafield><datafield ind1=" " ind2=" " tag="900"><subfield code="a">REROnoselfmerge</subfield></datafield><datafield ind1=" " ind2=" " tag="910"><subfield code="a">BN</subfield><subfield code="b">20140714</subfield></datafield></record>
</metadata></record>