<record><header><identifier>oai:alma.41SLSP_UGE:991000007989705502</identifier><datestamp>2024-03-08T01:27:17Z</datestamp><setSpec>uge_bcen_RapidILL_BOOK</setSpec><setSpec>uge_aaca_RapidILL_BOOK</setSpec><setSpec>uge_abels_RapidILL_BOOK</setSpec><setSpec>uge_dbu_RapidILL_BOOK</setSpec><setSpec>uge_cmu_RapidILL_BOOK</setSpec><setSpec>uge_mail_RapidILL_BOOK</setSpec><setSpec>uge_abbat_RapidILL_BOOK</setSpec><setSpec>UNIGE_ALL</setSpec><setSpec>uge_acar_RapidILL_BOOK</setSpec><setSpec>uge_aobs_RapidILL_BOOK</setSpec></header><metadata>
<record xmlns="http://www.loc.gov/MARC21/slim" xmlns:xsi="http://www.w3.org/2001/XMLSchema-instance" xsi:schemaLocation="http://www.loc.gov/MARC21/slim http://www.loc.gov/standards/marcxml/schema/MARC21slim.xsd"><leader>06531nam a2200877 c 4500</leader><controlfield tag="001">991000007989705502</controlfield><controlfield tag="005">20240307233044.0</controlfield><controlfield tag="008">201012s2002    sz       m    00| | ger  </controlfield><datafield ind1=" " ind2=" " tag="020"><subfield code="a">3725544956</subfield><subfield code="c">Fr. 59.-</subfield></datafield><datafield ind1=" " ind2=" " tag="035"><subfield code="a">(swissbib)232745439-41slsp_network</subfield></datafield><datafield ind1=" " ind2=" " tag="035"><subfield code="a">232745439</subfield><subfield code="9">ExL</subfield></datafield><datafield ind1=" " ind2=" " tag="035"><subfield code="a">(NEBIS)004445981EBI01</subfield></datafield><datafield ind1=" " ind2=" " tag="035"><subfield code="a">(RERO)R003286383-41slsp</subfield></datafield><datafield ind1=" " ind2=" " tag="035"><subfield code="a">(IDSLU)000280751ILU01</subfield></datafield><datafield ind1=" " ind2=" " tag="035"><subfield code="a">(IDSBB)002702285DSV01</subfield></datafield><datafield ind1=" " ind2=" " tag="035"><subfield code="a">(IDSSG)000262539HSB01</subfield></datafield><datafield ind1=" " ind2=" " tag="035"><subfield code="a">(ABN)000290189ABN01</subfield></datafield><datafield ind1=" " ind2=" " tag="035"><subfield code="a">(ALEX)bv081361060</subfield></datafield><datafield ind1=" " ind2=" " tag="035"><subfield code="a">(EXLNZ-41SLSP_NETWORK)991078120999705501</subfield></datafield><datafield ind1=" " ind2=" " tag="040"><subfield code="a">SzZuIDS NEBIS ETH-BIB</subfield><subfield code="d">CH-ZuSLS</subfield></datafield><datafield ind1=" " ind2=" " tag="044"><subfield code="a">sz</subfield><subfield code="c">ch-zh</subfield><subfield code="a">sz</subfield><subfield code="c">ch-bs</subfield><subfield code="a">sz</subfield><subfield code="c">ch-ge</subfield></datafield><datafield ind1=" " ind2="7" tag="072"><subfield code="a">dr</subfield><subfield code="2">rero</subfield></datafield><datafield ind1=" " ind2="7" tag="072"><subfield code="a">830</subfield><subfield code="2">IDS LU</subfield></datafield><datafield ind1=" " ind2="7" tag="072"><subfield code="a">rw</subfield><subfield code="2">SzZuIDS BS/BE</subfield></datafield><datafield ind1="1" ind2="4" tag="082"><subfield code="a">340</subfield><subfield code="2">15</subfield></datafield><datafield ind1=" " ind2=" " tag="084"><subfield code="a">CA/CH 98 h</subfield><subfield code="2">cjurrom</subfield></datafield><datafield ind1=" " ind2=" " tag="084"><subfield code="a">D 19.4 h CH</subfield><subfield code="2">cjurrom</subfield></datafield><datafield ind1="1" ind2=" " tag="100"><subfield code="a">Heimgartner, Stefan</subfield><subfield code="d">1972-</subfield><subfield code="0">(DE-588)1075620236</subfield><subfield code="6">880-01</subfield></datafield><datafield ind1="1" ind2=" " tag="880"><subfield code="6">100-01</subfield><subfield code="a">Heimgartner, Stefan</subfield><subfield code="c">juriste</subfield><subfield code="0">(IDREF)074268414</subfield><subfield code="4">cre</subfield></datafield><datafield ind1="1" ind2="0" tag="245"><subfield code="a">Auslieferungsrecht</subfield><subfield code="c">von Stefan Heimgartner</subfield></datafield><datafield ind1=" " ind2="1" tag="264"><subfield code="a">Zürich</subfield><subfield code="b">Schulthess</subfield><subfield code="c">2002</subfield></datafield><datafield ind1=" " ind2=" " tag="300"><subfield code="a">XXV, 195 p.</subfield><subfield code="c">23 cm</subfield></datafield><datafield ind1=" " ind2=" " tag="336"><subfield code="b">txt</subfield><subfield code="2">rdacontent</subfield></datafield><datafield ind1=" " ind2=" " tag="337"><subfield code="b">n</subfield><subfield code="2">rdamedia</subfield></datafield><datafield ind1=" " ind2=" " tag="338"><subfield code="b">nc</subfield><subfield code="2">rdacarrier</subfield></datafield><datafield ind1="1" ind2=" " tag="490"><subfield code="a">Zürcher Studien zum Strafrecht</subfield><subfield code="v">39</subfield></datafield><datafield ind1=" " ind2=" " tag="500"><subfield code="a">Ed. commerciale de la thèse de Zürich</subfield></datafield><datafield ind1=" " ind2=" " tag="502"><subfield code="a">Diss. Univ. Zürich, 2002. - Ref.: Christian Schwarzenegger</subfield></datafield><datafield ind1=" " ind2=" " tag="504"><subfield code="a">Bibliogr.</subfield></datafield><datafield ind1=" " ind2="7" tag="650"><subfield code="a">Auslieferung</subfield><subfield code="2">idszbz</subfield></datafield><datafield ind1=" " ind2="7" tag="650"><subfield code="a">Internationales Strafrecht</subfield><subfield code="2">idszbz</subfield></datafield><datafield ind1=" " ind2="7" tag="650"><subfield code="a">Auslieferung</subfield><subfield code="0">(DE-588)4136798-4</subfield><subfield code="2">gnd</subfield></datafield><datafield ind1=" " ind2="7" tag="650"><subfield code="a">Internationale Rechtshilfe</subfield><subfield code="0">(DE-588)4027372-6</subfield><subfield code="2">gnd</subfield></datafield><datafield ind1=" " ind2="7" tag="650"><subfield code="a">Internationales Strafrecht</subfield><subfield code="0">(DE-588)4162101-3</subfield><subfield code="2">gnd</subfield></datafield><datafield ind1=" " ind2="0" tag="650"><subfield code="a">Criminal procedure (International law)</subfield></datafield><datafield ind1=" " ind2="0" tag="650"><subfield code="a">Extradition</subfield><subfield code="z">Switzerland</subfield></datafield><datafield ind1=" " ind2="0" tag="650"><subfield code="a">Judicial assistance</subfield><subfield code="z">Switzerland</subfield></datafield><datafield ind1=" " ind2="7" tag="650"><subfield code="a">AUSLIEFERUNG (INTERNATIONALES RECHT)</subfield><subfield code="9">ger</subfield><subfield code="0">(ETHUDK)000011067</subfield><subfield code="2">ethudk</subfield></datafield><datafield ind1=" " ind2="7" tag="650"><subfield code="a">EUROPA</subfield><subfield code="9">ger</subfield><subfield code="0">(ETHUDK)000001583</subfield><subfield code="2">ethudk</subfield></datafield><datafield ind1=" " ind2="7" tag="650"><subfield code="a">RECHTSQUELLEN</subfield><subfield code="9">ger</subfield><subfield code="0">(ETHUDK)000000127</subfield><subfield code="2">ethudk</subfield></datafield><datafield ind1=" " ind2="7" tag="650"><subfield code="a">SCHWEIZ (MITTELEUROPA). SCHWEIZERISCHE EIDGENOSSENSCHAFT</subfield><subfield code="9">ger</subfield><subfield code="0">(ETHUDK)000004571</subfield><subfield code="2">ethudk</subfield></datafield><datafield ind1=" " ind2="7" tag="650"><subfield code="a">Auslieferung</subfield><subfield code="9">ger</subfield><subfield code="0">(RERO)jurivoc000002297ger</subfield><subfield code="2">jurivoc</subfield></datafield><datafield ind1=" " ind2="7" tag="650"><subfield code="a">Extradition</subfield><subfield code="0">(IDREF)027789659</subfield><subfield code="2">idref</subfield></datafield><datafield ind1=" " ind2="7" tag="650"><subfield code="a">Procédure pénale</subfield><subfield code="0">(IDREF)050575392</subfield><subfield code="2">idref</subfield></datafield><datafield ind1=" " ind2="7" tag="650"><subfield code="a">Auslieferungsrecht</subfield><subfield code="z">Schweiz</subfield><subfield code="2">idsbb</subfield></datafield><datafield ind1=" " ind2="7" tag="650"><subfield code="a">Auslieferungsrecht</subfield><subfield code="0">(DE-588)4143597-7</subfield><subfield code="2">gnd</subfield></datafield><datafield ind1=" " ind2="7" tag="651"><subfield code="a">Schweiz</subfield><subfield code="2">idszbz</subfield></datafield><datafield ind1=" " ind2="7" tag="651"><subfield code="a">Schweiz</subfield><subfield code="9">ger</subfield><subfield code="0">(RERO)jurivoc000019912ger</subfield><subfield code="2">jurivoc</subfield></datafield><datafield ind1=" " ind2="7" tag="651"><subfield code="a">Suisse</subfield><subfield code="0">(IDREF)027249654</subfield><subfield code="2">idref</subfield></datafield><datafield ind1=" " ind2="7" tag="651"><subfield code="a">Schweiz</subfield><subfield code="0">(DE-588)4053881-3</subfield><subfield code="2">gnd</subfield></datafield><datafield ind1=" " ind2="7" tag="655"><subfield code="a">Hochschulschrift</subfield><subfield code="2">gnd-content</subfield></datafield><datafield ind1=" " ind2=" " tag="690"><subfield code="a">Auslieferung; Strafverfahren; Folter; Bundesgericht; Verwaltungsgericht; Ausnahmegericht; europäischer Gerichtshof; Justiz; Vertrag; Verbot; Gesetz; Völkerrecht; Straftat; Beschwerde; Ausschluss; Prinzip</subfield><subfield code="2">idssg-J</subfield></datafield><datafield ind1=" " ind2=" " tag="690"><subfield code="a">Auslieferungsvertrag; Auslieferungsrecht; Spezialitätsprinzip; Gegenrechtserklärung; Nichtauslieferung; Sachauslieferung; Abwesenheitsurteil; Auslieferungsverfahren; Bundesgerichtsentscheid; Rechtshilfegesetz; Abkürzungsverzeichnis; Auslieferungsdelikt; Auslieferungsverbot; Beschwerdebefugnis; Individualbeschwerde; Literaturverzeichnis; Nichtigkeitsbeschwerde; Strafrechtspflege; Verwaltungsbeschwerde; Verwaltungsgerichtsbeschwerde; Anklagekammer; Asylstatus; Auslieferungsersuchen; Auslieferungshaft; Auslieferungsverkehr; Auslieferungsübereinkommen; Ausschlussgrund; Beschwerdefrist; Beschwerdegrund; Deliktsart; Deliktskatalog; Justizdépartement; Polizeidépartement; Rechtsfolge; Rechtsnatur; Rechtsquelle; Sachregister; Staatsangehöriger; Strafgerichtshof; Strafgewalt; Todesstrafe; Verfahrensmangel</subfield><subfield code="2">idssg-J</subfield></datafield><datafield ind1=" " ind2=" " tag="690"><subfield code="a">anderes Interesse; anderer Verfahrensmangel; außergewöhnlicher Umstand; drohende Verfolgung; grausame Behandlung; günstige Wiedereingliederung; wirtschaftspolitische Maßnahme; absoluter Ausschlussgrund; akzessorische Auslieferung; allgemeine Begriffsbestimmung; anderer Grund; anderer Staat; anhängiges Strafverfahren; anwendbares Prozessrecht; bedingte Auslieferung; beidseitige Strafbarkeit; bilateraler Vertrag; drohende Art; eidgenössisches Justizdépartement; eidgenössische Nichtigkeitsbeschwerde; eidgenössisches Polizeidépartement; eigene Gerichtsbarkeit; eigener Staatsangehöriger; erläuterter Fall; erniedrigende Behandlung; erniedrigende Bestrafung; ersuchender Staat; europäischer Ordre public; europäischer Ausblick; europäisches Auslieferungsübereinkommen; familiärer Umstand; fiskalische Straftat; formelles Auslieferungsrecht; gültige Rechtsgrundlage; handelspolitische Maßnahme; internationaler Ordre public; internationales Rechtshilfegesetz; internationaler Strafgerichtshof; kantonale Behörde; materielles Auslieferungsrecht; materielle Voraussetzung; militärische Straftat; multilateraler Vertrag; persönliches Verhältnis; politisches Delikt; politische Straftat; provisorische Zuführung; prozessuale Mangelhaftigkeit; prozessualer Rechter; rechtswissenschaftlich Fakult; relativer Ausschlussgrund; schweizerischer Ordre public; schwerer Verfahrensmangel; soziale Wiedereingliederung; stellvertretende Strafrechtspflege; strafrechtlicher Charakter; terroristischer Akt; unfaires Verfahren; verurteilte Person; vorläufige Auslieferungshaft; völkerrechtliche Sicht; weiterer Vertrag; wesentliches Interesse; willkürliche Aburteilung; zürcher Studie; öffentliche Ordnung; übriger Staat; übriges Völkerrecht</subfield><subfield code="2">idssg-J</subfield></datafield><datafield ind1=" " ind2=" " tag="690"><subfield code="a">Schweiz C4EXSI; Frankreich C4EUFR</subfield><subfield code="2">idssg-J</subfield></datafield><datafield ind1=" " ind2=" " tag="690"><subfield code="a">C. Verhältnis; F. Exkurs; G. Exkurs; Heimgartner Auslieferunssrecht Schulthess; S. Trechsel C. Schwarzenegger Stefan Heimgartner Auslieferunssrecht Schulthess; Stefan Heimgartner Auslieferunssrecht Schulthess; Verletzungen</subfield><subfield code="2">idssg-J</subfield></datafield><datafield ind1=" " ind2=" " tag="691"><subfield code="e">PC 98 CH</subfield><subfield code="2">rzs-L1</subfield></datafield><datafield ind1=" " ind2=" " tag="691"><subfield code="e">PD 19.4 CH</subfield><subfield code="2">rzs-L1</subfield></datafield><datafield ind1="1" ind2=" " tag="700"><subfield code="a">Schwarzenegger, Christian</subfield><subfield code="d">1959-</subfield><subfield code="0">(DE-588)113186371</subfield><subfield code="4">dgs</subfield></datafield><datafield ind1=" " ind2="0" tag="830"><subfield code="a">Zürcher Studien zum Strafrecht</subfield><subfield code="v">39</subfield><subfield code="w">(IDSSG)000002291HSB01</subfield></datafield><datafield ind1=" " ind2="0" tag="830"><subfield code="a">Zürcher Studien zum Strafrecht</subfield><subfield code="v">39</subfield><subfield code="w">(IDSBB)000010919DSV01</subfield></datafield><datafield ind1="4" ind2=" " tag="856"><subfield code="u">https://tools.unisg.ch/url/hm00069090</subfield><subfield code="z">Inhaltsverzeichnis</subfield></datafield><datafield ind1=" " ind2=" " tag="900"><subfield code="a">IDSZ1ZH</subfield></datafield><datafield ind1=" " ind2=" " tag="900"><subfield code="a">IDSE2Uni-Zh</subfield></datafield><datafield ind1=" " ind2=" " tag="900"><subfield code="a">IDSZ2rwimon200212l</subfield><subfield code="c">IDSZ2buche</subfield><subfield code="d">IDSZ2rwiswk200301u</subfield></datafield><datafield ind1=" " ind2=" " tag="900"><subfield code="a">IDSZ2zbzmon200212l</subfield><subfield code="c">IDSZ2kuns</subfield><subfield code="d">IDSZ2zbzswk200212b</subfield><subfield code="e">IDSZ2bruu</subfield></datafield><datafield ind1=" " ind2=" " tag="949"><subfield code="a">https://tools.unisg.ch/url/hm00069090</subfield></datafield></record>
</metadata></record>