<record><header><identifier>oai:alma.41SLSP_UGE:991000011199705502</identifier><datestamp>2024-09-10T00:07:24Z</datestamp><setSpec>uge_bcen_RapidILL_BOOK</setSpec><setSpec>uge_aaca_RapidILL_BOOK</setSpec><setSpec>uge_abels_RapidILL_BOOK</setSpec><setSpec>uge_dbu_RapidILL_BOOK</setSpec><setSpec>uge_cmu_RapidILL_BOOK</setSpec><setSpec>uge_mail_RapidILL_BOOK</setSpec><setSpec>uge_abbat_RapidILL_BOOK</setSpec><setSpec>UNIGE_ALL</setSpec><setSpec>uge_acar_RapidILL_BOOK</setSpec><setSpec>uge_aobs_RapidILL_BOOK</setSpec></header><metadata>
<record xmlns="http://www.loc.gov/MARC21/slim" xmlns:xsi="http://www.w3.org/2001/XMLSchema-instance" xsi:schemaLocation="http://www.loc.gov/MARC21/slim http://www.loc.gov/standards/marcxml/schema/MARC21slim.xsd"><leader>03565nam a2200853 ca4500</leader><controlfield tag="001">991000011199705502</controlfield><controlfield tag="005">20240909091915.0</controlfield><controlfield tag="008">201011m20182021sp a     b||| 000 0 spa|d</controlfield><datafield ind1=" " ind2=" " tag="010"><subfield code="a">2019386931</subfield></datafield><datafield ind1="7" ind2=" " tag="016"><subfield code="a">019264584</subfield><subfield code="2">Uk</subfield></datafield><datafield ind1=" " ind2=" " tag="020"><subfield code="a">9788417633202</subfield><subfield code="q">vol. 1</subfield></datafield><datafield ind1=" " ind2=" " tag="020"><subfield code="a">9788413403540</subfield><subfield code="q">vol. 2</subfield></datafield><datafield ind1=" " ind2=" " tag="035"><subfield code="a">(swissbib)227873157-41slsp_network</subfield></datafield><datafield ind1=" " ind2=" " tag="035"><subfield code="a">227873157</subfield><subfield code="9">ExL</subfield></datafield><datafield ind1=" " ind2=" " tag="035"><subfield code="a">(IDSBB)007161384DSV01</subfield></datafield><datafield ind1=" " ind2=" " tag="035"><subfield code="a">(NEBIS)011434425EBI01</subfield></datafield><datafield ind1=" " ind2=" " tag="035"><subfield code="a">(RERO)R008882473-41slsp</subfield></datafield><datafield ind1=" " ind2=" " tag="035"><subfield code="a">(OCoLC)1084506212</subfield></datafield><datafield ind1=" " ind2=" " tag="035"><subfield code="a">(EXLNZ-41SLSP_NETWORK)991118877009705501</subfield></datafield><datafield ind1=" " ind2=" " tag="040"><subfield code="a">C3L</subfield><subfield code="b">ger</subfield><subfield code="e">rda</subfield><subfield code="d">CH-ZuSLS</subfield></datafield><datafield ind1=" " ind2=" " tag="042"><subfield code="a">lccopycat</subfield></datafield><datafield ind1=" " ind2=" " tag="043"><subfield code="a">e-sp---</subfield><subfield code="a">cl-----</subfield></datafield><datafield ind1="0" ind2="0" tag="050"><subfield code="a">PQ6134.B56</subfield><subfield code="b">R487 2018</subfield></datafield><datafield ind1="7" ind2="4" tag="082"><subfield code="a">860</subfield><subfield code="2">23sdnb</subfield></datafield><datafield ind1="1" ind2="4" tag="082"><subfield code="a">860</subfield><subfield code="2">15</subfield></datafield><datafield ind1=" " ind2=" " tag="084"><subfield code="a">IN 2278</subfield><subfield code="2">rvk</subfield></datafield><datafield ind1=" " ind2=" " tag="084"><subfield code="a">IN 3502</subfield><subfield code="2">rvk</subfield></datafield><datafield ind1=" " ind2=" " tag="084"><subfield code="a">IQ 00305</subfield><subfield code="2">rvk</subfield></datafield><datafield ind1="0" ind2="0" tag="245"><subfield code="a">&lt;&lt;El&gt;&gt; retrato literario en el mundo hispánico</subfield><subfield code="b">(siglos XIX-XXI)</subfield><subfield code="c">Jesús Rubio Jiménez, Enrique Serrano Asenjo (eds.)</subfield></datafield><datafield ind1=" " ind2=" " tag="250"><subfield code="a">1.ª edición</subfield></datafield><datafield ind1=" " ind2="1" tag="264"><subfield code="a">Zaragoza</subfield><subfield code="b">Prensas de la Universidad de Zaragoza</subfield><subfield code="c">2018-2021</subfield></datafield><datafield ind1=" " ind2=" " tag="300"><subfield code="a">2 Bände</subfield><subfield code="b">Illustrationen</subfield><subfield code="c">22 cm</subfield></datafield><datafield ind1=" " ind2=" " tag="336"><subfield code="b">txt</subfield><subfield code="2">rdacontent</subfield></datafield><datafield ind1=" " ind2=" " tag="337"><subfield code="b">n</subfield><subfield code="2">rdamedia</subfield></datafield><datafield ind1=" " ind2=" " tag="338"><subfield code="b">nc</subfield><subfield code="2">rdacarrier</subfield></datafield><datafield ind1="1" ind2=" " tag="490"><subfield code="a">Humanidades</subfield><subfield code="v">n.º 142 ; 170</subfield></datafield><datafield ind1=" " ind2=" " tag="500"><subfield code="a">Vol. 1 künstlich nummeriert aufgrund von vol. 2</subfield></datafield><datafield ind1=" " ind2="7" tag="650"><subfield code="a">Littérature espagnole</subfield><subfield code="0">(IDREF)027236897</subfield><subfield code="2">idref</subfield></datafield><datafield ind1=" " ind2="7" tag="650"><subfield code="a">Littérature hispano-américaine</subfield><subfield code="0">(IDREF)027459381</subfield><subfield code="2">idref</subfield></datafield><datafield ind1=" " ind2="7" tag="650"><subfield code="a">Portraits (genre littéraire) espagnols</subfield><subfield code="0">(IDREF)167934589</subfield><subfield code="2">idref</subfield></datafield><datafield ind1=" " ind2="7" tag="650"><subfield code="a">Portraits (genre littéraire) hispano-américains</subfield><subfield code="0">(IDREF)167934600</subfield><subfield code="2">idref</subfield></datafield><datafield ind1=" " ind2="7" tag="650"><subfield code="a">19e siècle-21e siècle</subfield><subfield code="2">idref</subfield></datafield><datafield ind1=" " ind2="7" tag="655"><subfield code="a">[Études diverses]</subfield><subfield code="0">(RERO)A022249905</subfield><subfield code="2">rero</subfield></datafield><datafield ind1=" " ind2="7" tag="648"><subfield code="a">Geschichte 1800-2017</subfield><subfield code="2">gnd</subfield></datafield><datafield ind1=" " ind2="7" tag="650"><subfield code="a">Literarisches Porträt</subfield><subfield code="0">(DE-588)4167855-2</subfield><subfield code="2">gnd</subfield></datafield><datafield ind1=" " ind2="7" tag="650"><subfield code="a">Spanisch</subfield><subfield code="0">(DE-588)4077640-2</subfield><subfield code="2">gnd</subfield></datafield><datafield ind1=" " ind2="0" tag="650"><subfield code="a">Biography as a literary form</subfield></datafield><datafield ind1=" " ind2="0" tag="650"><subfield code="a">Spanish prose literature</subfield><subfield code="x">History and criticism</subfield></datafield><datafield ind1=" " ind2="0" tag="650"><subfield code="a">Spanish American prose literature</subfield><subfield code="x">History and criticism</subfield></datafield><datafield ind1=" " ind2="7" tag="650"><subfield code="a">Biography</subfield><subfield code="2">fast</subfield></datafield><datafield ind1=" " ind2="7" tag="650"><subfield code="a">Biography as a literary form</subfield><subfield code="2">fast</subfield></datafield><datafield ind1=" " ind2="7" tag="650"><subfield code="a">Spanish American prose literature</subfield><subfield code="2">fast</subfield></datafield><datafield ind1=" " ind2="7" tag="650"><subfield code="a">Spanish prose literature</subfield><subfield code="2">fast</subfield></datafield><datafield ind1=" " ind2="0" tag="651"><subfield code="a">Spain</subfield><subfield code="x">Biography</subfield><subfield code="x">History and criticism</subfield></datafield><datafield ind1=" " ind2="0" tag="651"><subfield code="a">Latin America</subfield><subfield code="x">Biography</subfield><subfield code="x">History and criticism</subfield></datafield><datafield ind1=" " ind2="7" tag="651"><subfield code="a">Latin America</subfield><subfield code="2">fast</subfield></datafield><datafield ind1=" " ind2="7" tag="651"><subfield code="a">Spain</subfield><subfield code="2">fast</subfield></datafield><datafield ind1=" " ind2="7" tag="655"><subfield code="a">Aufsatzsammlung</subfield><subfield code="2">gnd-content</subfield></datafield><datafield ind1=" " ind2="7" tag="655"><subfield code="a">Criticism, interpretation, etc</subfield><subfield code="2">fast</subfield></datafield><datafield ind1="1" ind2=" " tag="700"><subfield code="6">880-03</subfield><subfield code="a">Serrano Asenjo, José Enrique</subfield><subfield code="d">1962-....</subfield><subfield code="0">(IDREF)02994693X</subfield><subfield code="4">edt</subfield></datafield><datafield ind1="1" ind2=" " tag="880"><subfield code="6">700-03/(B</subfield><subfield code="a">Serrano Asenjo, Enrique</subfield><subfield code="d">1962-</subfield><subfield code="0">(DE-588)104795589X</subfield><subfield code="4">edt</subfield></datafield><datafield ind1="1" ind2=" " tag="700"><subfield code="6">880-02</subfield><subfield code="a">Rubio Jiménez, Jesús</subfield><subfield code="d">1953-</subfield><subfield code="0">(DE-588)188357947</subfield><subfield code="4">edt</subfield></datafield><datafield ind1="1" ind2=" " tag="880"><subfield code="6">700-02</subfield><subfield code="a">Rubio Jiménez, Jesús</subfield><subfield code="d">1953-....</subfield><subfield code="0">(IDREF)030191149</subfield><subfield code="4">edt</subfield></datafield><datafield ind1=" " ind2="0" tag="830"><subfield code="a">Humanidades</subfield><subfield code="v">142</subfield><subfield code="w">(IDSBB)000549227DSV01</subfield></datafield><datafield ind1=" " ind2="0" tag="830"><subfield code="a">Humanidades</subfield><subfield code="v">142</subfield><subfield code="w">(NEBIS)000993663EBI01</subfield></datafield><datafield ind1=" " ind2="0" tag="830"><subfield code="a">Humanidades</subfield><subfield code="p">Univ. de Zaragoza</subfield><subfield code="v">142</subfield><subfield code="w">(RERO)1064491-41slsp</subfield></datafield><datafield ind1="4" ind2="2" tag="856"><subfield code="3">Inhaltsverzeichnis</subfield><subfield code="q">PDF</subfield><subfield code="u">https://urn.ub.unibe.ch/urn:ch:slsp:9788413403540:ihv:pdf</subfield></datafield><datafield ind1=" " ind2=" " tag="900"><subfield code="a">IDSDSStoppsignal FRED</subfield></datafield><datafield ind1=" " ind2=" " tag="900"><subfield code="a">IDSZ2zbzmon202009f</subfield><subfield code="c">IDSZ2parz</subfield><subfield code="d">IDSZ2zbzswk202010g</subfield><subfield code="e">IDSZ2kara</subfield></datafield><datafield ind1=" " ind2=" " tag="900"><subfield code="a">REROnoselfmerge</subfield></datafield><datafield ind1=" " ind2=" " tag="900"><subfield code="a">OK_GND</subfield><subfield code="x">UZB/Z01/202303/kara</subfield></datafield><datafield ind1=" " ind2=" " tag="900"><subfield code="a">Stoppsignal FRED</subfield><subfield code="x">UZB/Z01/202303</subfield></datafield><datafield ind1=" " ind2=" " tag="903"><subfield code="a">RERO-SIGN</subfield><subfield code="5">UNIGE/20210409/frc</subfield></datafield><datafield ind1=" " ind2=" " tag="910"><subfield code="a">SUDOC</subfield><subfield code="b">20190109</subfield><subfield code="c">Réutilisation sous conditions: Licence ouverte Etalab</subfield></datafield><datafield ind1=" " ind2=" " tag="949"><subfield code="a">https://urn.ub.unibe.ch/urn:ch:slsp:9788413403540:ihv:pdf</subfield></datafield></record>
</metadata></record>