<record><header><identifier>oai:alma.41SLSP_UGE:991000010989705502</identifier><datestamp>2023-03-01T01:09:13Z</datestamp><setSpec>uge_bcen_RapidILL_BOOK</setSpec><setSpec>uge_aaca_RapidILL_BOOK</setSpec><setSpec>uge_abels_RapidILL_BOOK</setSpec><setSpec>uge_dbu_RapidILL_BOOK</setSpec><setSpec>uge_cmu_RapidILL_BOOK</setSpec><setSpec>uge_mail_RapidILL_BOOK</setSpec><setSpec>UNIGE_ALL</setSpec><setSpec>uge_abbat_RapidILL_BOOK</setSpec><setSpec>uge_acar_RapidILL_BOOK</setSpec><setSpec>uge_aobs_RapidILL_BOOK</setSpec></header><metadata>
<record xmlns="http://www.loc.gov/MARC21/slim" xmlns:xsi="http://www.w3.org/2001/XMLSchema-instance" xsi:schemaLocation="http://www.loc.gov/MARC21/slim http://www.loc.gov/standards/marcxml/schema/MARC21slim.xsd"><leader>01318nam a2200337 c 4500</leader><controlfield tag="001">991000010989705502</controlfield><controlfield tag="005">20230220194836.0</controlfield><controlfield tag="008">960525s1973    sw ||||| |||| 01| ||eng d</controlfield><datafield ind1=" " ind2=" " tag="020"><subfield code="a">9170420130</subfield></datafield><datafield ind1="7" ind2=" " tag="024"><subfield code="a">http://catalogue.bnf.fr/ark:/12148/cb362060767</subfield><subfield code="2">uri</subfield></datafield><datafield ind1=" " ind2=" " tag="035"><subfield code="a">(swissbib)076715744-41slsp_network</subfield></datafield><datafield ind1=" " ind2=" " tag="035"><subfield code="a">076715744</subfield><subfield code="9">ExL</subfield></datafield><datafield ind1=" " ind2=" " tag="035"><subfield code="a">(RERO)0050416-41slsp</subfield></datafield><datafield ind1=" " ind2=" " tag="035"><subfield code="a">(EXLNZ-41SLSP_NETWORK)991161415929705501</subfield></datafield><datafield ind1=" " ind2=" " tag="040"><subfield code="a">RERO</subfield><subfield code="d">CH-ZuSLS</subfield></datafield><datafield ind1="0" ind2=" " tag="041"><subfield code="a">eng</subfield><subfield code="a">ita</subfield><subfield code="a">ger</subfield></datafield><datafield ind1=" " ind2="7" tag="072"><subfield code="a">ar</subfield><subfield code="2">rero</subfield></datafield><datafield ind1="1" ind2=" " tag="080"><subfield code="a">904(37)</subfield></datafield><datafield ind1="0" ind2="0" tag="245"><subfield code="a">Erico Sjoeqvist</subfield><subfield code="b">Antiquitatum cypri siciliaeque exploratori sagacissimo topographo romano experientissimo amici collegae discipuli suecani americanique ID.IUL.MCMLXXIII</subfield></datafield><datafield ind1=" " ind2="1" tag="264"><subfield code="a">Lund</subfield><subfield code="b">P. Aestroems Foerlag</subfield><subfield code="c">1973</subfield></datafield><datafield ind1=" " ind2=" " tag="300"><subfield code="a">220 p.</subfield><subfield code="b">fig.</subfield><subfield code="c">31 cm</subfield></datafield><datafield ind1=" " ind2=" " tag="336"><subfield code="b">txt</subfield><subfield code="2">rdacontent</subfield></datafield><datafield ind1=" " ind2=" " tag="337"><subfield code="b">n</subfield><subfield code="2">rdamedia</subfield></datafield><datafield ind1=" " ind2=" " tag="338"><subfield code="b">nc</subfield><subfield code="2">rdacarrier</subfield></datafield><datafield ind1="1" ind2=" " tag="490"><subfield code="a">Acta Instituti romani regni Sueciae. Series in 4⁰</subfield><subfield code="v">33</subfield></datafield><datafield ind1="1" ind2=" " tag="490"><subfield code="a">Opuscula Romana</subfield><subfield code="v">9</subfield></datafield><datafield ind1=" " ind2="7" tag="650"><subfield code="a">Archéologie</subfield><subfield code="0">(IDREF)02726971X</subfield><subfield code="2">idref</subfield></datafield><datafield ind1=" " ind2="7" tag="655"><subfield code="a">[Études diverses]</subfield><subfield code="0">(RERO)A022249905</subfield><subfield code="2">rero</subfield></datafield><datafield ind1="1" ind2=" " tag="700"><subfield code="a">Sjöqvist, Erik</subfield><subfield code="c">archéologue</subfield><subfield code="d">1903-1975</subfield><subfield code="0">(IDREF)070239215</subfield></datafield><datafield ind1=" " ind2=" " tag="830"><subfield code="a">Acta Instituti Romani Regni Sueciae</subfield><subfield code="p">Series in-4⁰</subfield><subfield code="v">33</subfield><subfield code="w">(RERO)0041308-41slsp</subfield></datafield><datafield ind1=" " ind2=" " tag="830"><subfield code="a">Opuscula Romana</subfield><subfield code="v">9</subfield><subfield code="w">(RERO)0442527-41slsp</subfield></datafield><datafield ind1=" " ind2=" " tag="900"><subfield code="a">REROnoselfmerge</subfield></datafield></record>
</metadata></record>