<record><header><identifier>oai:alma.41SLSP_UGE:991000007489705502</identifier><datestamp>2023-03-31T00:26:26Z</datestamp><setSpec>uge_bcen_RapidILL_BOOK</setSpec><setSpec>uge_aaca_RapidILL_BOOK</setSpec><setSpec>uge_abels_RapidILL_BOOK</setSpec><setSpec>uge_dbu_RapidILL_BOOK</setSpec><setSpec>uge_cmu_RapidILL_BOOK</setSpec><setSpec>uge_mail_RapidILL_BOOK</setSpec><setSpec>uge_abbat_RapidILL_BOOK</setSpec><setSpec>UNIGE_ALL</setSpec><setSpec>uge_aobs_RapidILL_BOOK</setSpec><setSpec>uge_acar_RapidILL_BOOK</setSpec></header><metadata>
<record xmlns="http://www.loc.gov/MARC21/slim" xmlns:xsi="http://www.w3.org/2001/XMLSchema-instance" xsi:schemaLocation="http://www.loc.gov/MARC21/slim http://www.loc.gov/standards/marcxml/schema/MARC21slim.xsd"><leader>02036nam a2200457 c 4500</leader><controlfield tag="001">991000007489705502</controlfield><controlfield tag="005">20230330224554.0</controlfield><controlfield tag="008">850529s1984    fr ||||| |||| 00| ||fre d</controlfield><datafield ind1=" " ind2=" " tag="020"><subfield code="a">2130385419</subfield></datafield><datafield ind1="7" ind2=" " tag="024"><subfield code="a">http://catalogue.bnf.fr/ark:/12148/cb347746842</subfield><subfield code="2">uri</subfield></datafield><datafield ind1=" " ind2=" " tag="035"><subfield code="a">(swissbib)080095313-41slsp_network</subfield></datafield><datafield ind1=" " ind2=" " tag="035"><subfield code="a">080095313</subfield><subfield code="9">ExL</subfield></datafield><datafield ind1=" " ind2=" " tag="035"><subfield code="a">(RERO)0615380-41slsp</subfield></datafield><datafield ind1=" " ind2=" " tag="035"><subfield code="a">(EXLNZ-41SLSP_NETWORK)991063204519705501</subfield></datafield><datafield ind1=" " ind2=" " tag="040"><subfield code="a">RERO neuses</subfield><subfield code="d">CH-ZuSLS</subfield></datafield><datafield ind1="1" ind2=" " tag="041"><subfield code="a">fre</subfield><subfield code="h">eng</subfield></datafield><datafield ind1=" " ind2="7" tag="072"><subfield code="a">ps</subfield><subfield code="2">rero</subfield></datafield><datafield ind1="1" ind2=" " tag="080"><subfield code="a">616.891</subfield></datafield><datafield ind1="0" ind2="0" tag="245"><subfield code="a">Prévention en psychiatrie de l'enfant en un temps de transition</subfield><subfield code="c">publ. sous la dir. de E. James Anthony, Colette Chiland ; trad. de l'anglais par Colette Chiland ... [et al.]</subfield></datafield><datafield ind1=" " ind2="1" tag="264"><subfield code="a">Paris</subfield><subfield code="b">Presses universitaires de France</subfield><subfield code="c">1984</subfield></datafield><datafield ind1=" " ind2=" " tag="300"><subfield code="a">550 p.</subfield><subfield code="c">22 cm</subfield></datafield><datafield ind1=" " ind2=" " tag="336"><subfield code="b">txt</subfield><subfield code="2">rdacontent</subfield></datafield><datafield ind1=" " ind2=" " tag="337"><subfield code="b">n</subfield><subfield code="2">rdamedia</subfield></datafield><datafield ind1=" " ind2=" " tag="338"><subfield code="b">nc</subfield><subfield code="2">rdacarrier</subfield></datafield><datafield ind1="1" ind2=" " tag="490"><subfield code="a">L'enfant dans sa famille</subfield><subfield code="v">6</subfield></datafield><datafield ind1="1" ind2=" " tag="490"><subfield code="a">Livre annuel de l'Association internationale de psychiatrie de l'enfant et de l'adolescent et des professions associées</subfield><subfield code="v">6</subfield></datafield><datafield ind1="1" ind2=" " tag="490"><subfield code="a">Le fil rouge. Section 2, Psychanalyse et psychiatrie de l'enfant</subfield></datafield><datafield ind1=" " ind2=" " tag="500"><subfield code="a">Traduit de: Preventive Child</subfield></datafield><datafield ind1=" " ind2="7" tag="650"><subfield code="a">Prévention</subfield><subfield code="0">(IDREF)02724525X</subfield><subfield code="2">idref</subfield></datafield><datafield ind1=" " ind2="7" tag="650"><subfield code="a">Psychiatrie</subfield><subfield code="0">(IDREF)027362116</subfield><subfield code="2">idref</subfield></datafield><datafield ind1=" " ind2="7" tag="650"><subfield code="a">Psychiatrie sociale</subfield><subfield code="0">(IDREF)027498107</subfield><subfield code="2">idref</subfield></datafield><datafield ind1=" " ind2="7" tag="650"><subfield code="a">maladie mentale - prévention</subfield><subfield code="0">(RERO)A010112370</subfield><subfield code="2">rerovoc</subfield></datafield><datafield ind1=" " ind2="7" tag="650"><subfield code="a">Changement social</subfield><subfield code="0">(IDREF)027285626</subfield><subfield code="2">idref</subfield></datafield><datafield ind1=" " ind2="7" tag="650"><subfield code="a">Enfants</subfield><subfield code="0">(IDREF)027233278</subfield><subfield code="2">idref</subfield></datafield><datafield ind1=" " ind2="7" tag="650"><subfield code="a">Psychothérapie</subfield><subfield code="0">(IDREF)027352382</subfield><subfield code="2">idref</subfield></datafield><datafield ind1=" " ind2="7" tag="655"><subfield code="a">[Études diverses]</subfield><subfield code="0">(RERO)A022249905</subfield><subfield code="2">rero</subfield></datafield><datafield ind1="1" ind2=" " tag="700"><subfield code="a">Anthony, E. James</subfield><subfield code="0">(RERO)A002932771</subfield></datafield><datafield ind1="1" ind2=" " tag="700"><subfield code="a">Chiland, Colette</subfield><subfield code="d">1928-2016</subfield><subfield code="0">(IDREF)026786907</subfield></datafield><datafield ind1=" " ind2="0" tag="830"><subfield code="a">&lt;&lt;L'&gt;&gt;enfant dans sa famille</subfield><subfield code="v">6</subfield></datafield><datafield ind1=" " ind2=" " tag="830"><subfield code="a">Livre annuel international de psychiatrie infantile et des professions associées</subfield><subfield code="v">6</subfield><subfield code="w">(RERO)1452442-41slsp</subfield></datafield><datafield ind1=" " ind2=" " tag="830"><subfield code="a">&lt;&lt;Le&gt;&gt; fil rouge</subfield><subfield code="p">2, Psychanalyse et psychiatrie de l'enfant</subfield><subfield code="w">(RERO)0012444-41slsp</subfield></datafield><datafield ind1=" " ind2=" " tag="900"><subfield code="a">REROnoselfmerge</subfield></datafield></record>
</metadata></record>