<record><header><identifier>oai:alma.41SLSP_UGE:991000011299705502</identifier><datestamp>2024-09-08T00:12:49Z</datestamp><setSpec>uge_bcen_RapidILL_BOOK</setSpec><setSpec>uge_aaca_RapidILL_BOOK</setSpec><setSpec>uge_abels_RapidILL_BOOK</setSpec><setSpec>uge_dbu_RapidILL_BOOK</setSpec><setSpec>uge_cmu_RapidILL_BOOK</setSpec><setSpec>uge_mail_RapidILL_BOOK</setSpec><setSpec>UNIGE_ALL</setSpec><setSpec>uge_abbat_RapidILL_BOOK</setSpec><setSpec>uge_acar_RapidILL_BOOK</setSpec><setSpec>uge_aobs_RapidILL_BOOK</setSpec></header><metadata>
<record xmlns="http://www.loc.gov/MARC21/slim" xmlns:xsi="http://www.w3.org/2001/XMLSchema-instance" xsi:schemaLocation="http://www.loc.gov/MARC21/slim http://www.loc.gov/standards/marcxml/schema/MARC21slim.xsd"><leader>01614nam a2200325 c 4500</leader><controlfield tag="001">991000011299705502</controlfield><controlfield tag="005">20230130192533.0</controlfield><controlfield tag="008">201011s1929    xxu||||| |||| 00| ||eng d</controlfield><datafield ind1=" " ind2=" " tag="035"><subfield code="a">(swissbib)214930432-41slsp_network</subfield></datafield><datafield ind1=" " ind2=" " tag="035"><subfield code="a">214930432</subfield><subfield code="9">ExL</subfield></datafield><datafield ind1=" " ind2=" " tag="035"><subfield code="a">(RERO)1472148-41slsp</subfield></datafield><datafield ind1=" " ind2=" " tag="035"><subfield code="a">(NEBIS)002033312EBI01</subfield></datafield><datafield ind1=" " ind2=" " tag="035"><subfield code="a">(EXLNZ-41SLSP_NETWORK)991053938589705501</subfield></datafield><datafield ind1=" " ind2=" " tag="040"><subfield code="a">RERO geuarc</subfield><subfield code="d">CH-ZuSLS</subfield></datafield><datafield ind1=" " ind2="7" tag="072"><subfield code="a">ur</subfield><subfield code="2">rero</subfield></datafield><datafield ind1=" " ind2="7" tag="072"><subfield code="a">go</subfield><subfield code="2">rero</subfield></datafield><datafield ind1="0" ind2="0" tag="245"><subfield code="a">&lt;&lt;The&gt;&gt; graphic regional plan</subfield><subfield code="b">atlas and description</subfield><subfield code="c">prepared by the Staff of the Regional Plan</subfield></datafield><datafield ind1=" " ind2="1" tag="264"><subfield code="a">New York</subfield><subfield code="b">Regional Plan of New York and its Environs</subfield><subfield code="c">1929</subfield></datafield><datafield ind1=" " ind2=" " tag="300"><subfield code="a">416 p.</subfield><subfield code="b">fig., photogr., plans, cartes, tabl.</subfield><subfield code="c">29 cm</subfield><subfield code="e">5 cartes</subfield></datafield><datafield ind1=" " ind2=" " tag="336"><subfield code="b">txt</subfield><subfield code="2">rdacontent</subfield></datafield><datafield ind1=" " ind2=" " tag="337"><subfield code="b">n</subfield><subfield code="2">rdamedia</subfield></datafield><datafield ind1=" " ind2=" " tag="338"><subfield code="b">nc</subfield><subfield code="2">rdacarrier</subfield></datafield><datafield ind1="1" ind2=" " tag="490"><subfield code="a">Regional plan of New York and its environs</subfield><subfield code="v">vol. 1</subfield></datafield><datafield ind1=" " ind2=" " tag="500"><subfield code="a">Map 1: General plan of the railroad system for New York and its environs (1928); Map 2: General plan of the highway system for New York and its environs (1928); Map 3: General plan of the land uses for New York and its environs (1928); Map 4: General plan of the park system for New York and its environs (1928); Map 5: Key map for principal communities within New York and its environs (1928)</subfield></datafield><datafield ind1=" " ind2="7" tag="650"><subfield code="a">plan (représentation)</subfield><subfield code="0">(RERO)A009949989</subfield><subfield code="2">rerovoc</subfield></datafield><datafield ind1=" " ind2="7" tag="650"><subfield code="a">Urbanisme</subfield><subfield code="0">(IDREF)027254925</subfield><subfield code="2">idref</subfield></datafield><datafield ind1=" " ind2="7" tag="650"><subfield code="a">1929</subfield><subfield code="2">rero</subfield></datafield><datafield ind1=" " ind2="7" tag="651"><subfield code="a">New York (N.Y.)</subfield><subfield code="0">(IDREF)027311538</subfield><subfield code="2">idref</subfield></datafield><datafield ind1="2" ind2=" " tag="710"><subfield code="a">Regional Plan of New York and Its Environs</subfield><subfield code="0">(RERO)A003733490</subfield></datafield><datafield ind1=" " ind2="0" tag="830"><subfield code="a">Regional plan of New York and its environs</subfield><subfield code="v">1</subfield><subfield code="w">(NEBIS)002033313EBI01</subfield></datafield><datafield ind1=" " ind2=" " tag="900"><subfield code="a">REROnoselfmerge</subfield></datafield></record>
</metadata></record>