<record><header><identifier>oai:alma.41SLSP_UGE:991000011089705502</identifier><datestamp>2024-10-17T00:10:19Z</datestamp><setSpec>uge_bcen_RapidILL_BOOK</setSpec><setSpec>uge_aaca_RapidILL_BOOK</setSpec><setSpec>uge_abels_RapidILL_BOOK</setSpec><setSpec>uge_dbu_RapidILL_BOOK</setSpec><setSpec>uge_cmu_RapidILL_BOOK</setSpec><setSpec>uge_mail_RapidILL_BOOK</setSpec><setSpec>uge_abbat_RapidILL_BOOK</setSpec><setSpec>UNIGE_ALL</setSpec><setSpec>uge_aobs_RapidILL_BOOK</setSpec><setSpec>uge_acar_RapidILL_BOOK</setSpec></header><metadata>
<record xmlns="http://www.loc.gov/MARC21/slim" xmlns:xsi="http://www.w3.org/2001/XMLSchema-instance" xsi:schemaLocation="http://www.loc.gov/MARC21/slim http://www.loc.gov/standards/marcxml/schema/MARC21slim.xsd"><leader>01957nam a2200457 c 4500</leader><controlfield tag="001">991000011089705502</controlfield><controlfield tag="005">20241016182733.0</controlfield><controlfield tag="008">201012s1974    it ||||| |||| 00| ||lat d</controlfield><datafield ind1=" " ind2=" " tag="035"><subfield code="a">(swissbib)24225702X-41slsp_network</subfield></datafield><datafield ind1=" " ind2=" " tag="035"><subfield code="a">24225702X</subfield><subfield code="9">ExL</subfield></datafield><datafield ind1=" " ind2=" " tag="035"><subfield code="a">(RERO)0146955-41slsp</subfield></datafield><datafield ind1=" " ind2=" " tag="035"><subfield code="a">(NEBIS)003299797EBI01</subfield></datafield><datafield ind1=" " ind2=" " tag="035"><subfield code="a">(IDSBB)000257376DSV01</subfield></datafield><datafield ind1=" " ind2=" " tag="035"><subfield code="a">(EXLNZ-41SLSP_NETWORK)991113647189705501</subfield></datafield><datafield ind1=" " ind2=" " tag="040"><subfield code="a">RERO</subfield><subfield code="d">CH-ZuSLS</subfield></datafield><datafield ind1=" " ind2="7" tag="072"><subfield code="a">se</subfield><subfield code="2">rero</subfield></datafield><datafield ind1=" " ind2="7" tag="072"><subfield code="a">ha</subfield><subfield code="2">rero</subfield></datafield><datafield ind1=" " ind2="7" tag="072"><subfield code="a">ga</subfield><subfield code="2">SzZuIDS BS/BE</subfield></datafield><datafield ind1="0" ind2="4" tag="082"><subfield code="a">338.50937</subfield></datafield><datafield ind1="1" ind2="4" tag="082"><subfield code="a">900</subfield><subfield code="2">15</subfield></datafield><datafield ind1="1" ind2="4" tag="082"><subfield code="a">340.54</subfield></datafield><datafield ind1="0" ind2=" " tag="100"><subfield code="a">Diocletianus</subfield><subfield code="c">empereur de Rome</subfield><subfield code="0">(RERO)A000051692</subfield><subfield code="4">cre</subfield></datafield><datafield ind1="1" ind2="0" tag="245"><subfield code="a">Edictum Diocletiani et collegarum de pretiis rerum venalium</subfield><subfield code="b">in integrum fere restitutum e latinis graecisque fragmentis</subfield><subfield code="c">ed. Marta Giacchero</subfield></datafield><datafield ind1=" " ind2="1" tag="264"><subfield code="a">Genova</subfield><subfield code="b">Istituto di storia antica e scienze ausiliarie</subfield><subfield code="c">1974</subfield></datafield><datafield ind1=" " ind2=" " tag="300"><subfield code="a">2 vol.</subfield><subfield code="b">fig.</subfield><subfield code="c">29 cm</subfield></datafield><datafield ind1=" " ind2=" " tag="336"><subfield code="b">txt</subfield><subfield code="2">rdacontent</subfield></datafield><datafield ind1=" " ind2=" " tag="337"><subfield code="b">n</subfield><subfield code="2">rdamedia</subfield></datafield><datafield ind1=" " ind2=" " tag="338"><subfield code="b">nc</subfield><subfield code="2">rdacarrier</subfield></datafield><datafield ind1="1" ind2=" " tag="490"><subfield code="a">Pubblicazioni dell'Istituto di storia antica e scienze ausiliarie dell'Università di Genova</subfield><subfield code="v">8</subfield></datafield><datafield ind1=" " ind2=" " tag="500"><subfield code="a">Text ital.</subfield></datafield><datafield ind1="0" ind2="0" tag="505"><subfield code="g">1:</subfield><subfield code="t">Edictum. - VIII, 313 p</subfield></datafield><datafield ind1="0" ind2="0" tag="505"><subfield code="g">2:</subfield><subfield code="t">Imagines. - 177 p</subfield></datafield><datafield ind1="2" ind2="7" tag="610"><subfield code="a">Rome</subfield><subfield code="t">Edit de Dioclétien sur le maximum</subfield><subfield code="0">(RERO)A010142501</subfield><subfield code="2">rero</subfield></datafield><datafield ind1=" " ind2=" " tag="690"><subfield code="a">Diokletian (Römisches Reich, Kaiser)</subfield><subfield code="2">uzb-Z9</subfield></datafield><datafield ind1=" " ind2=" " tag="690"><subfield code="a">Griechische Inschriften / Ausgaben / Einzelne Autoren und Texte</subfield><subfield code="2">uzb-Z9</subfield></datafield><datafield ind1="0" ind2=" " tag="700"><subfield code="a">Diokletian</subfield><subfield code="c">Römisches Reich, Kaiser</subfield><subfield code="d">230-305</subfield><subfield code="0">(DE-588)118679651</subfield></datafield><datafield ind1="0" ind2="2" tag="700"><subfield code="a">Diocletianus</subfield><subfield code="c">empereur de Rome</subfield><subfield code="t">Edictum de pretiis rerum venalium</subfield></datafield><datafield ind1="1" ind2=" " tag="700"><subfield code="a">Giacchero, Marta</subfield><subfield code="0">(RERO)A003293700</subfield></datafield><datafield ind1=" " ind2=" " tag="830"><subfield code="a">Pubblicazioni dell'Istituto di storia antica e scienze ausiliarie dell'Università di Genova</subfield><subfield code="v">8</subfield><subfield code="w">(NEBIS)006292600EBI01</subfield></datafield><datafield ind1=" " ind2=" " tag="830"><subfield code="a">Pubblicazioni dell'Istituto di storia antica e scienze ausiliarie dell'Università di Genova</subfield><subfield code="v">8</subfield><subfield code="w">(RERO)0043581-41slsp</subfield></datafield><datafield ind1=" " ind2=" " tag="900"><subfield code="a">REROnoselfmerge</subfield></datafield><datafield ind1=" " ind2=" " tag="900"><subfield code="a">IDSZRMedeaZBZ</subfield></datafield></record>
</metadata></record>