<record><header><identifier>oai:alma.41SLSP_UGE:991000010359705502</identifier><datestamp>2023-06-20T00:25:26Z</datestamp><setSpec>uge_bcen_RapidILL_BOOK</setSpec><setSpec>uge_aaca_RapidILL_BOOK</setSpec><setSpec>uge_abels_RapidILL_BOOK</setSpec><setSpec>uge_dbu_RapidILL_BOOK</setSpec><setSpec>uge_cmu_RapidILL_BOOK</setSpec><setSpec>uge_mail_RapidILL_BOOK</setSpec><setSpec>uge_abbat_RapidILL_BOOK</setSpec><setSpec>UNIGE_ALL</setSpec><setSpec>uge_acar_RapidILL_BOOK</setSpec><setSpec>uge_aobs_RapidILL_BOOK</setSpec></header><metadata>
<record xmlns="http://www.loc.gov/MARC21/slim" xmlns:xsi="http://www.w3.org/2001/XMLSchema-instance" xsi:schemaLocation="http://www.loc.gov/MARC21/slim http://www.loc.gov/standards/marcxml/schema/MARC21slim.xsd"><leader>01561nam a22003972c 4500</leader><controlfield tag="001">991000010359705502</controlfield><controlfield tag="005">20230619201542.0</controlfield><controlfield tag="008">201011s1967    xx ||||| |||| 10| ||ita d</controlfield><datafield ind1=" " ind2=" " tag="035"><subfield code="a">(swissbib)228578841-41slsp_network</subfield></datafield><datafield ind1=" " ind2=" " tag="035"><subfield code="a">228578841</subfield><subfield code="9">ExL</subfield></datafield><datafield ind1=" " ind2=" " tag="035"><subfield code="a">(RERO)R245558860-41slsp</subfield></datafield><datafield ind1=" " ind2=" " tag="035"><subfield code="a">(NEBIS)003198049EBI01</subfield></datafield><datafield ind1=" " ind2=" " tag="035"><subfield code="a">(SBT)000264146SBT01</subfield></datafield><datafield ind1=" " ind2=" " tag="035"><subfield code="a">(OCoLC)602282857</subfield></datafield><datafield ind1=" " ind2=" " tag="035"><subfield code="a">(EXLNZ-41SLSP_NETWORK)991099316549705501</subfield></datafield><datafield ind1=" " ind2=" " tag="040"><subfield code="a">RERO gevbpu</subfield><subfield code="d">CH-ZuSLS</subfield></datafield><datafield ind1=" " ind2="7" tag="072"><subfield code="a">th</subfield><subfield code="2">rero</subfield></datafield><datafield ind1="0" ind2="0" tag="245"><subfield code="a">San Pietro</subfield><subfield code="b">atti della XIX Settimana biblica</subfield><subfield code="c">scritti di Agostino Bea ... [et al.]</subfield></datafield><datafield ind1=" " ind2="1" tag="264"><subfield code="a">Brescia</subfield><subfield code="b">Paideia</subfield><subfield code="c">1967</subfield></datafield><datafield ind1=" " ind2=" " tag="300"><subfield code="a">564 p.</subfield><subfield code="c">24 cm</subfield></datafield><datafield ind1=" " ind2=" " tag="336"><subfield code="b">txt</subfield><subfield code="2">rdacontent</subfield></datafield><datafield ind1=" " ind2=" " tag="337"><subfield code="b">n</subfield><subfield code="2">rdamedia</subfield></datafield><datafield ind1=" " ind2=" " tag="338"><subfield code="b">nc</subfield><subfield code="2">rdacarrier</subfield></datafield><datafield ind1=" " ind2=" " tag="500"><subfield code="a">En tête du titre : Associazione biblica italiana</subfield></datafield><datafield ind1="0" ind2="0" tag="600"><subfield code="a">Peter</subfield><subfield code="c">the Apostle, Saint</subfield></datafield><datafield ind1="0" ind2="7" tag="600"><subfield code="a">Petrus</subfield><subfield code="c">Apostel, Heiliger</subfield><subfield code="0">(DE-588)118593323</subfield><subfield code="2">gnd</subfield></datafield><datafield ind1="0" ind2="7" tag="630"><subfield code="a">Bibel</subfield><subfield code="p">Neues Testament</subfield><subfield code="0">(DE-588)4041771-2</subfield><subfield code="2">gnd</subfield></datafield><datafield ind1=" " ind2="4" tag="655"><subfield code="a">Kongress</subfield><subfield code="z">Rom (1966)</subfield></datafield><datafield ind1=" " ind2="7" tag="655"><subfield code="a">Konferenzschrift</subfield><subfield code="z">Roma</subfield><subfield code="y">1966</subfield><subfield code="2">gnd-content</subfield></datafield><datafield ind1=" " ind2=" " tag="691"><subfield code="e">225.092</subfield><subfield code="a">Bibbia. Nuovo Testamento. Persone</subfield><subfield code="2">usi-TE</subfield></datafield><datafield ind1="1" ind2=" " tag="700"><subfield code="a">Bea, Augustin</subfield><subfield code="d">1881-1968</subfield><subfield code="0">(DE-588)118654144</subfield><subfield code="6">880-02</subfield></datafield><datafield ind1="1" ind2=" " tag="880"><subfield code="6">700-02</subfield><subfield code="a">Bea, Augustin</subfield><subfield code="d">1881-1968</subfield><subfield code="0">(IDREF)030266246</subfield></datafield><datafield ind1="2" ind2=" " tag="710"><subfield code="6">880-03</subfield><subfield code="a">Associazione biblica italiana</subfield><subfield code="0">(IDREF)034280871</subfield></datafield><datafield ind1="2" ind2=" " tag="880"><subfield code="a">Associazione Biblica Italiana</subfield><subfield code="0">(DE-588)80282-7</subfield><subfield code="6">710-03</subfield></datafield><datafield ind1="2" ind2=" " tag="711"><subfield code="a">Settimana Biblica</subfield><subfield code="n">19</subfield><subfield code="d">1966</subfield><subfield code="c">Rom</subfield><subfield code="0">(DE-588)10097243-3</subfield></datafield><datafield ind1="2" ind2=" " tag="711"><subfield code="a">Settimana biblica nazionale</subfield><subfield code="n">19</subfield><subfield code="d">1966</subfield><subfield code="c">Roma</subfield><subfield code="0">(RERO)A012428304</subfield></datafield><datafield ind1=" " ind2=" " tag="900"><subfield code="a">IDSZ2zbzmon201307rp</subfield><subfield code="c">IDSZ2gabr</subfield></datafield></record>
</metadata></record>