<record><header><identifier>oai:alma.41SLSP_UGE:991000007899705502</identifier><datestamp>2023-03-01T01:09:13Z</datestamp><setSpec>uge_cmu_RapidILL_JOURNAL</setSpec><setSpec>uge_aobs_RapidILL_JOURNAL</setSpec><setSpec>uge_aaca_RapidILL_JOURNAL</setSpec><setSpec>uge_bcen_RapidILL_JOURNAL</setSpec><setSpec>uge_abbat_RapidILL_JOURNAL</setSpec><setSpec>uge_dbu_RapidILL_JOURNAL</setSpec><setSpec>uge_mail_RapidILL_JOURNAL</setSpec><setSpec>UNIGE_ALL</setSpec><setSpec>uge_abels_RapidILL_JOURNAL</setSpec><setSpec>uge_acar_RapidILL_JOURNAL</setSpec></header><metadata>
<record xmlns="http://www.loc.gov/MARC21/slim" xmlns:xsi="http://www.w3.org/2001/XMLSchema-instance" xsi:schemaLocation="http://www.loc.gov/MARC21/slim http://www.loc.gov/standards/marcxml/schema/MARC21slim.xsd"><leader>01337nas a2200361uc 4500</leader><controlfield tag="001">991000007899705502</controlfield><controlfield tag="005">20230119191220.0</controlfield><controlfield tag="008">201011d19531973xxk|| m|      0   ||eng|d</controlfield><datafield ind1=" " ind2=" " tag="019"><subfield code="a">Bibliographischer Bestand gemäss ZDB</subfield></datafield><datafield ind1=" " ind2=" " tag="035"><subfield code="a">(swissbib)224532510-41slsp_network</subfield></datafield><datafield ind1=" " ind2=" " tag="035"><subfield code="a">224532510</subfield><subfield code="9">ExL</subfield></datafield><datafield ind1=" " ind2=" " tag="035"><subfield code="a">(NEBIS)000950736EBI01</subfield></datafield><datafield ind1=" " ind2=" " tag="035"><subfield code="a">(RERO)1665269-41slsp</subfield></datafield><datafield ind1=" " ind2=" " tag="035"><subfield code="a">(EXLNZ-41SLSP_NETWORK)991006403369705501</subfield></datafield><datafield ind1=" " ind2=" " tag="040"><subfield code="a">ETH-BAU</subfield><subfield code="b">ger</subfield><subfield code="e">ETHICS-ISBD</subfield><subfield code="d">CH-ZuSLS</subfield></datafield><datafield ind1=" " ind2="7" tag="072"><subfield code="a">at</subfield><subfield code="2">rero</subfield></datafield><datafield ind1="0" ind2="0" tag="245"><subfield code="a">Architects' working details</subfield><subfield code="c">ed. by D. A. C. A. Boyne</subfield></datafield><datafield ind1=" " ind2="1" tag="264"><subfield code="a">London</subfield><subfield code="b">Architectural Press</subfield><subfield code="c">[1953]-[1973]</subfield></datafield><datafield ind1=" " ind2=" " tag="300"><subfield code="b">Ill.</subfield><subfield code="c">31 cm</subfield></datafield><datafield ind1=" " ind2=" " tag="336"><subfield code="b">txt</subfield><subfield code="2">rdacontent</subfield></datafield><datafield ind1=" " ind2=" " tag="337"><subfield code="b">n</subfield><subfield code="2">rdamedia</subfield></datafield><datafield ind1=" " ind2=" " tag="338"><subfield code="b">nc</subfield><subfield code="2">rdacarrier</subfield></datafield><datafield ind1="0" ind2=" " tag="362"><subfield code="a">Vol. 1 (1953)-15 (1973)</subfield></datafield><datafield ind1=" " ind2=" " tag="500"><subfield code="a">Hrsg.schaft erweitert ab vol. 4 (1957)</subfield></datafield><datafield ind1=" " ind2=" " tag="500"><subfield code="a">Nichts weiter erschienen</subfield></datafield><datafield ind1=" " ind2=" " tag="500"><subfield code="a">Beschreibung beruhend auf vol. 2 (1954)</subfield></datafield><datafield ind1=" " ind2="7" tag="650"><subfield code="a">ARCHITEKTONISCHE DETAILS UND ORNAMENTE</subfield><subfield code="9">ger</subfield><subfield code="0">(ETHUDK)000035518</subfield><subfield code="2">ethudk</subfield></datafield><datafield ind1=" " ind2="7" tag="650"><subfield code="a">ARCHITEKTURZEICHNUNGEN + ARCHITEKTONISCHE VORARBEITEN</subfield><subfield code="9">ger</subfield><subfield code="0">(ETHUDK)000035467</subfield><subfield code="2">ethudk</subfield></datafield><datafield ind1=" " ind2="7" tag="650"><subfield code="a">BAUWESEN (GEBAUTE UMWELT)</subfield><subfield code="9">ger</subfield><subfield code="0">(ETHUDK)000034946</subfield><subfield code="2">ethudk</subfield></datafield><datafield ind1=" " ind2="7" tag="650"><subfield code="a">Architecture</subfield><subfield code="0">(IDREF)027228983</subfield><subfield code="2">idref</subfield></datafield><datafield ind1=" " ind2="7" tag="655"><subfield code="a">Périodiques</subfield><subfield code="0">(IDREF)02724640X</subfield><subfield code="2">idref</subfield></datafield><datafield ind1="1" ind2=" " tag="700"><subfield code="a">Boyne, D.A.C.A.</subfield></datafield><datafield ind1=" " ind2=" " tag="900"><subfield code="a">NEBISnoselfmerge</subfield></datafield><datafield ind1=" " ind2=" " tag="900"><subfield code="a">REROnoselfmerge</subfield></datafield></record>
</metadata></record>