<record><header><identifier>oai:alma.41SLSP_UGE:991000007689705502</identifier><datestamp>2024-04-11T00:14:09Z</datestamp><setSpec>uge_bcen_RapidILL_BOOK</setSpec><setSpec>uge_aaca_RapidILL_BOOK</setSpec><setSpec>uge_abels_RapidILL_BOOK</setSpec><setSpec>uge_dbu_RapidILL_BOOK</setSpec><setSpec>uge_cmu_RapidILL_BOOK</setSpec><setSpec>uge_mail_RapidILL_BOOK</setSpec><setSpec>uge_abbat_RapidILL_BOOK</setSpec><setSpec>UNIGE_ALL</setSpec><setSpec>uge_aobs_RapidILL_BOOK</setSpec><setSpec>uge_acar_RapidILL_BOOK</setSpec></header><metadata>
<record xmlns="http://www.loc.gov/MARC21/slim" xmlns:xsi="http://www.w3.org/2001/XMLSchema-instance" xsi:schemaLocation="http://www.loc.gov/MARC21/slim http://www.loc.gov/standards/marcxml/schema/MARC21slim.xsd"><leader>06136nam a2201081 c 4500</leader><controlfield tag="001">991000007689705502</controlfield><controlfield tag="005">20240410142846.0</controlfield><controlfield tag="008">201011s2011    sz            00| | ger|d</controlfield><datafield ind1=" " ind2=" " tag="020"><subfield code="a">3727287950</subfield></datafield><datafield ind1=" " ind2=" " tag="020"><subfield code="a">9783727287954</subfield></datafield><datafield ind1=" " ind2=" " tag="035"><subfield code="a">(swissbib)223386413-41slsp_network</subfield></datafield><datafield ind1=" " ind2=" " tag="035"><subfield code="a">223386413</subfield><subfield code="9">ExL</subfield></datafield><datafield ind1=" " ind2=" " tag="035"><subfield code="a">(NEBIS)006620208EBI01</subfield></datafield><datafield ind1=" " ind2=" " tag="035"><subfield code="a">(IDSBB)005662053DSV01</subfield></datafield><datafield ind1=" " ind2=" " tag="035"><subfield code="a">(IDSLU)001001694ILU01</subfield></datafield><datafield ind1=" " ind2=" " tag="035"><subfield code="a">(RERO)R006296792-41slsp</subfield></datafield><datafield ind1=" " ind2=" " tag="035"><subfield code="a">(IDSSG)000539143HSB01</subfield></datafield><datafield ind1=" " ind2=" " tag="035"><subfield code="a">(OCoLC)748763534</subfield></datafield><datafield ind1=" " ind2=" " tag="035"><subfield code="a">(ABN)000638348ABN01</subfield></datafield><datafield ind1=" " ind2=" " tag="035"><subfield code="a">(ALEX)bv001460466</subfield></datafield><datafield ind1=" " ind2=" " tag="035"><subfield code="a">(EXLNZ-41SLSP_NETWORK)991106890109705501</subfield></datafield><datafield ind1=" " ind2=" " tag="040"><subfield code="a">SzZUIDS</subfield><subfield code="d">CH-ZuSLS</subfield></datafield><datafield ind1=" " ind2=" " tag="044"><subfield code="a">sz</subfield><subfield code="c">ch-be</subfield></datafield><datafield ind1=" " ind2="7" tag="072"><subfield code="a">rw</subfield><subfield code="2">SzZuIDS BS/BE</subfield></datafield><datafield ind1=" " ind2="7" tag="072"><subfield code="a">807</subfield><subfield code="2">IDS LU</subfield></datafield><datafield ind1=" " ind2="7" tag="072"><subfield code="a">822</subfield><subfield code="2">IDS LU</subfield></datafield><datafield ind1=" " ind2="7" tag="072"><subfield code="a">dr</subfield><subfield code="2">rero</subfield></datafield><datafield ind1="0" ind2="4" tag="082"><subfield code="a">344.4940321</subfield><subfield code="2">22</subfield></datafield><datafield ind1="0" ind2="4" tag="082"><subfield code="a">344.49403211</subfield><subfield code="2">22</subfield></datafield><datafield ind1="1" ind2="4" tag="082"><subfield code="a">340</subfield><subfield code="2">15</subfield></datafield><datafield ind1=" " ind2=" " tag="084"><subfield code="a">CA/CH 58 h</subfield><subfield code="2">cjurrom</subfield></datafield><datafield ind1=" " ind2=" " tag="084"><subfield code="a">CA/CH 54 h</subfield><subfield code="2">cjurrom</subfield></datafield><datafield ind1="1" ind2=" " tag="100"><subfield code="6">880-01</subfield><subfield code="a">Rütsche, Bernhard</subfield><subfield code="d">1970-....</subfield><subfield code="0">(IDREF)082704678</subfield><subfield code="4">aut</subfield></datafield><datafield ind1="1" ind2=" " tag="880"><subfield code="a">Rütsche, Bernhard</subfield><subfield code="d">1970-</subfield><subfield code="6">100-01</subfield><subfield code="0">(DE-588)114725276</subfield></datafield><datafield ind1="1" ind2="0" tag="245"><subfield code="a">Neue Spitalfinanzierung und Spitalplanung</subfield><subfield code="b">insbesondere zur Steuerung der Leistungsmenge im stationären Bereich</subfield><subfield code="c">Bernhard Rütsche</subfield></datafield><datafield ind1=" " ind2="1" tag="264"><subfield code="a">Bern</subfield><subfield code="b">Stämpfli</subfield><subfield code="c">2011</subfield></datafield><datafield ind1=" " ind2=" " tag="300"><subfield code="a">112 S.</subfield><subfield code="c">23 cm</subfield></datafield><datafield ind1=" " ind2=" " tag="336"><subfield code="b">txt</subfield><subfield code="2">rdacontent</subfield></datafield><datafield ind1=" " ind2=" " tag="337"><subfield code="b">n</subfield><subfield code="2">rdamedia</subfield></datafield><datafield ind1=" " ind2=" " tag="338"><subfield code="b">nc</subfield><subfield code="2">rdacarrier</subfield></datafield><datafield ind1=" " ind2=" " tag="504"><subfield code="a">Literaturverz.</subfield></datafield><datafield ind1="8" ind2=" " tag="520"><subfield code="a">Das schweizerische Spitalwesen hat mit der jüngsten Revision des Krankenversicherungsgesetzes eine fundamentale Neuordnung erfahren. Die Eckpfeiler der Neuordnung betreffen die Einführung von Fallpauschalen (DRG), die dual-fixe Spitalfinanzierung durch Kantone und Krankenversicherer, die Verankerung bundesrechtlicher Planungskriterien, die schweizweite freie Spitalwahl und die Ermöglichung von Vertragsspitälern. Als Folge dieser Revision stehen im Spitalwesen künftig planwirtschaftliches System und Wettbewerbssystem nebeneinander. Diese Koexistenz zweier im Prinzip unvereinbarer Steuerungssysteme hat Auswirkungen auf die Interpretation und Anwendung des Krankenversicherungsgesetzes und wirft eine Reihe rechtlicher Fragen auf. Die vorliegende Schrift setzt sich mit diesen Fragen auseinander. Im Zentrum des Interesses steht die Frage, ob der Kanton wie bisher befugt und sogar verpflichtet ist, die Menge stationärer Leistungen mittels Vorgabe von Bettenzahlen oder Fallzahlen zu steuern [Hrsg.]</subfield><subfield code="5">RERO/vdcdsp/05.2013</subfield></datafield><datafield ind1=" " ind2="7" tag="650"><subfield code="a">Krankenhaus</subfield><subfield code="2">idszbz</subfield></datafield><datafield ind1=" " ind2="7" tag="650"><subfield code="a">Finanzierung</subfield><subfield code="2">idszbz</subfield></datafield><datafield ind1=" " ind2="7" tag="650"><subfield code="a">Planung</subfield><subfield code="2">idszbz</subfield></datafield><datafield ind1=" " ind2="7" tag="650"><subfield code="a">Fallpauschale</subfield><subfield code="2">idszbz</subfield></datafield><datafield ind1=" " ind2="7" tag="650"><subfield code="a">Krankenversicherung</subfield><subfield code="2">idszbz</subfield></datafield><datafield ind1=" " ind2="7" tag="650"><subfield code="a">Sozialrecht</subfield><subfield code="2">idszbz</subfield></datafield><datafield ind1=" " ind2="7" tag="650"><subfield code="a">Krankenversicherung</subfield><subfield code="0">(DE-588)4032836-3</subfield><subfield code="2">gnd</subfield></datafield><datafield ind1=" " ind2="7" tag="650"><subfield code="a">Krankenhaus</subfield><subfield code="0">(DE-588)4032786-3</subfield><subfield code="2">gnd</subfield></datafield><datafield ind1=" " ind2="7" tag="650"><subfield code="a">Finanzierung</subfield><subfield code="0">(DE-588)4017182-6</subfield><subfield code="2">gnd</subfield></datafield><datafield ind1=" " ind2="7" tag="650"><subfield code="a">Planung</subfield><subfield code="0">(DE-588)4046235-3</subfield><subfield code="2">gnd</subfield></datafield><datafield ind1=" " ind2="7" tag="650"><subfield code="a">Gesundheitswesen</subfield><subfield code="9">ger</subfield><subfield code="0">(RERO)jurivoc000009993ger</subfield><subfield code="2">jurivoc</subfield></datafield><datafield ind1=" " ind2="7" tag="650"><subfield code="a">Heilanstalt</subfield><subfield code="9">ger</subfield><subfield code="0">(RERO)jurivoc000010995ger</subfield><subfield code="2">jurivoc</subfield></datafield><datafield ind1=" " ind2="7" tag="650"><subfield code="a">Finanzierung(allgemein)</subfield><subfield code="9">ger</subfield><subfield code="0">(RERO)jurivoc000008365ger</subfield><subfield code="2">jurivoc</subfield></datafield><datafield ind1=" " ind2="7" tag="650"><subfield code="a">Spitalplanung</subfield><subfield code="9">ger</subfield><subfield code="0">(RERO)jurivoc000020654ger</subfield><subfield code="2">jurivoc</subfield></datafield><datafield ind1=" " ind2="7" tag="650"><subfield code="a">Spitalbehandlung</subfield><subfield code="9">ger</subfield><subfield code="0">(RERO)jurivoc000020645ger</subfield><subfield code="2">jurivoc</subfield></datafield><datafield ind1=" " ind2="7" tag="650"><subfield code="a">Schadenregulierung</subfield><subfield code="9">ger</subfield><subfield code="0">(RERO)jurivoc000050070ger</subfield><subfield code="2">jurivoc</subfield></datafield><datafield ind1=" " ind2="2" tag="650"><subfield code="a">Economics, Hospital</subfield></datafield><datafield ind1=" " ind2="2" tag="650"><subfield code="a">Financial Management, Hospital</subfield></datafield><datafield ind1=" " ind2="2" tag="650"><subfield code="a">Hospital Administration</subfield></datafield><datafield ind1=" " ind2="2" tag="650"><subfield code="a">Diagnosis-Related Groups</subfield></datafield><datafield ind1=" " ind2="2" tag="650"><subfield code="a">Insurance, Hospitalization</subfield></datafield><datafield ind1=" " ind2="2" tag="650"><subfield code="a">Insurance, Health</subfield></datafield><datafield ind1=" " ind2="2" tag="650"><subfield code="a">Financial Management, Hospital</subfield><subfield code="x">economics</subfield></datafield><datafield ind1=" " ind2="2" tag="650"><subfield code="a">Financial Management, Hospital</subfield><subfield code="x">trends</subfield></datafield><datafield ind1=" " ind2="2" tag="650"><subfield code="a">Insurance, Hospitalization</subfield><subfield code="x">economics</subfield></datafield><datafield ind1=" " ind2="2" tag="650"><subfield code="a">Insurance, Hospitalization</subfield><subfield code="x">legislation &amp; jurisprudence</subfield></datafield><datafield ind1=" " ind2="2" tag="650"><subfield code="a">Insurance, Health</subfield><subfield code="x">legislation &amp; jurisprudence</subfield></datafield><datafield ind1=" " ind2="2" tag="650"><subfield code="a">Insurance, Health</subfield><subfield code="x">trends</subfield></datafield><datafield ind1=" " ind2="7" tag="650"><subfield code="a">planification hospitalière</subfield><subfield code="0">(RERO)A010132867</subfield><subfield code="2">rerovoc</subfield></datafield><datafield ind1=" " ind2="7" tag="650"><subfield code="a">Droit fiscal</subfield><subfield code="0">(IDREF)02746718X</subfield><subfield code="2">idref</subfield></datafield><datafield ind1=" " ind2="7" tag="650"><subfield code="a">Budget</subfield><subfield code="0">(IDREF)027260054</subfield><subfield code="2">idref</subfield></datafield><datafield ind1=" " ind2="7" tag="650"><subfield code="a">Droit administratif</subfield><subfield code="0">(IDREF)027741427</subfield><subfield code="2">idref</subfield></datafield><datafield ind1=" " ind2="7" tag="650"><subfield code="a">Krankenhausfinanzierung</subfield><subfield code="0">(DE-588)4032796-6</subfield><subfield code="2">gnd</subfield></datafield><datafield ind1=" " ind2="7" tag="650"><subfield code="a">Krankenhausplanung</subfield><subfield code="0">(DE-588)4165509-6</subfield><subfield code="2">gnd</subfield></datafield><datafield ind1=" " ind2="7" tag="650"><subfield code="a">Gesundheitsrecht</subfield><subfield code="0">(DE-588)4020766-3</subfield><subfield code="2">gnd</subfield></datafield><datafield ind1=" " ind2="7" tag="651"><subfield code="a">Schweiz</subfield><subfield code="2">idszbz</subfield></datafield><datafield ind1=" " ind2="7" tag="651"><subfield code="a">Schweiz</subfield><subfield code="9">ger</subfield><subfield code="0">(RERO)jurivoc000019912ger</subfield><subfield code="2">jurivoc</subfield></datafield><datafield ind1=" " ind2="2" tag="651"><subfield code="a">Switzerland</subfield></datafield><datafield ind1=" " ind2="7" tag="651"><subfield code="a">Suisse</subfield><subfield code="0">(IDREF)027249654</subfield><subfield code="2">idref</subfield></datafield><datafield ind1=" " ind2="7" tag="651"><subfield code="a">Schweiz</subfield><subfield code="0">(DE-588)4053881-3</subfield><subfield code="2">gnd</subfield></datafield><datafield ind1=" " ind2=" " tag="690"><subfield code="a">Planung; Sanktion; Erlass; Finanzierung; Tarifvertrag; Genehmigung; Krankenhaus; Verzeichnis; Rechtsschutz; Revision; Wahl; Steuerung; Zahl; Abgabe; Aufgabe</subfield><subfield code="2">idssg-J</subfield></datafield><datafield ind1=" " ind2=" " tag="690"><subfield code="a">Spitalplanung; Spitalfinanzierung; Tarifrecht; KVG-Revision; Nichtgenehmigung; Spitalwahl; Genehmigungsentscheid; Übergangsrecht; Mengensteuerung; Zwischenfazit; Lenkungsabgabe; Abkürzungsverzeichnis; Inhaltsübersicht; Leistungsauftrag; Leistungsmenge; Literaturverzeichnis; Materialienverzeichnis; Rechtslage; Bettenzahl; Fragestellung; Höchstfallzahl; Tariffestsetzung; Aufnahmepflicht; Bewilligungspflicht; Ertragsabschöpfung; Globalbudget; Rechtsnatur; Vergütungspflicht</subfield><subfield code="2">idssg-J</subfield></datafield><datafield ind1=" " ind2=" " tag="690"><subfield code="a">bundesrechtliche Vorgabe; degressiver Tarif; fehlende Wirtschaftlichkeit; neue Spitalfinanzierung; planerische Sanktion; stationärer Bereich; weiteres Instrument; weitere Vorgabe</subfield><subfield code="2">idssg-J</subfield></datafield><datafield ind1=" " ind2=" " tag="690"><subfield code="a">China C9CHIN</subfield><subfield code="2">idssg-J</subfield></datafield><datafield ind1=" " ind2=" " tag="690"><subfield code="a">Bernhard Rutsche; neu Spitalfinanzierung Spitalplanung; Prof. Dr.iur.; weiter Vorgaben Leistungsaufträgen</subfield><subfield code="2">idssg-J</subfield></datafield><datafield ind1=" " ind2=" " tag="691"><subfield code="e">PC 58 CH</subfield><subfield code="2">rzs-L1</subfield></datafield><datafield ind1=" " ind2=" " tag="691"><subfield code="e">PC 13 CH</subfield><subfield code="2">rzs-L1</subfield></datafield><datafield ind1="4" ind2=" " tag="856"><subfield code="3">Titelblatt und Inhaltsverzeichnis</subfield><subfield code="u">https://toc.library.ethz.ch/objects/pdf/z16_978-3-7272-8795-4_01.pdf</subfield><subfield code="q">pdf</subfield></datafield><datafield ind1=" " ind2=" " tag="900"><subfield code="a">IDSZ2rwimon201109i</subfield><subfield code="c">IDSZ2rosi 110919</subfield><subfield code="d">IDSZ2rwiswk201110b</subfield><subfield code="e">IDSZ2sust</subfield></datafield><datafield ind1=" " ind2=" " tag="900"><subfield code="a">IDSZ2zbzmon201112l</subfield><subfield code="c">IDSZ2meyr</subfield><subfield code="d">IDSZ2zbzswk201112u</subfield><subfield code="e">IDSZ2bruu</subfield></datafield><datafield ind1=" " ind2=" " tag="900"><subfield code="a">IDSE5E51ANH-2012</subfield></datafield><datafield ind1=" " ind2=" " tag="949"><subfield code="a">https://toc.library.ethz.ch/objects/pdf/z16_978-3-7272-8795-4_01.pdf</subfield></datafield></record>
</metadata></record>