<record><header><identifier>oai:alma.41SLSP_UGE:991000007609705502</identifier><datestamp>2024-09-28T00:28:24Z</datestamp><setSpec>uge_bcen_RapidILL_BOOK</setSpec><setSpec>uge_aaca_RapidILL_BOOK</setSpec><setSpec>uge_abels_RapidILL_BOOK</setSpec><setSpec>uge_dbu_RapidILL_BOOK</setSpec><setSpec>uge_cmu_RapidILL_BOOK</setSpec><setSpec>uge_mail_RapidILL_BOOK</setSpec><setSpec>uge_abbat_RapidILL_BOOK</setSpec><setSpec>UNIGE_ALL</setSpec><setSpec>uge_aobs_RapidILL_BOOK</setSpec><setSpec>uge_acar_RapidILL_BOOK</setSpec></header><metadata>
<record xmlns="http://www.loc.gov/MARC21/slim" xmlns:xsi="http://www.w3.org/2001/XMLSchema-instance" xsi:schemaLocation="http://www.loc.gov/MARC21/slim http://www.loc.gov/standards/marcxml/schema/MARC21slim.xsd"><leader>01276nam a2200313 c 4500</leader><controlfield tag="001">991000007609705502</controlfield><controlfield tag="005">20240927205230.0</controlfield><controlfield tag="008">900510s1986    xxu||||| |||| 00| ||eng d</controlfield><datafield ind1=" " ind2=" " tag="035"><subfield code="a">(swissbib)084665084-41slsp_network</subfield></datafield><datafield ind1=" " ind2=" " tag="035"><subfield code="a">084665084</subfield><subfield code="9">ExL</subfield></datafield><datafield ind1=" " ind2=" " tag="035"><subfield code="a">(RERO)1241290-41slsp</subfield></datafield><datafield ind1=" " ind2=" " tag="035"><subfield code="a">(EXLNZ-41SLSP_NETWORK)991108387919705501</subfield></datafield><datafield ind1=" " ind2=" " tag="040"><subfield code="a">RERO geucmu</subfield><subfield code="d">CH-ZuSLS</subfield></datafield><datafield ind1=" " ind2="7" tag="072"><subfield code="a">me</subfield><subfield code="2">rero</subfield></datafield><datafield ind1="0" ind2="0" tag="245"><subfield code="a">International nomenclature of constitutional diseases of bone</subfield><subfield code="b">with bibliography</subfield></datafield><datafield ind1=" " ind2=" " tag="250"><subfield code="a">Rev. ed. [May 1983]</subfield><subfield code="b">bibliogr. prepared by Pierre Maroteaux ; with the collab. of Peter Beighton ... [et al.] : ed. Florence Dickman</subfield></datafield><datafield ind1=" " ind2="1" tag="264"><subfield code="a">White Plains NY</subfield><subfield code="b">March of Dimes Birth Defects Foundation</subfield><subfield code="c">1986</subfield></datafield><datafield ind1=" " ind2=" " tag="300"><subfield code="a">54 p.</subfield><subfield code="c">26 cm</subfield></datafield><datafield ind1=" " ind2=" " tag="336"><subfield code="b">txt</subfield><subfield code="2">rdacontent</subfield></datafield><datafield ind1=" " ind2=" " tag="337"><subfield code="b">n</subfield><subfield code="2">rdamedia</subfield></datafield><datafield ind1=" " ind2=" " tag="338"><subfield code="b">nc</subfield><subfield code="2">rdacarrier</subfield></datafield><datafield ind1="1" ind2=" " tag="490"><subfield code="a">Birth Defects. Original article series</subfield><subfield code="v">vol. 22, no. 4</subfield></datafield><datafield ind1=" " ind2=" " tag="500"><subfield code="a">Revision of : International nomenclature of constitutional diseases of bone / D. Rimoin</subfield></datafield><datafield ind1=" " ind2="2" tag="650"><subfield code="a">Bone Diseases</subfield><subfield code="x">classification</subfield></datafield><datafield ind1=" " ind2="2" tag="650"><subfield code="a">Bone Diseases</subfield></datafield><datafield ind1=" " ind2="2" tag="655"><subfield code="a">Bibliography</subfield></datafield><datafield ind1="1" ind2=" " tag="700"><subfield code="a">Maroteaux, Pierre</subfield><subfield code="d">1926-....</subfield><subfield code="0">(IDREF)032442831</subfield></datafield><datafield ind1="1" ind2=" " tag="700"><subfield code="a">Dickman, Florence</subfield><subfield code="0">(RERO)A003178985</subfield></datafield><datafield ind1=" " ind2="0" tag="830"><subfield code="a">Birth defects</subfield><subfield code="p">Original article series</subfield><subfield code="v">22,4</subfield><subfield code="w">(RERO)0433947-41slsp</subfield></datafield><datafield ind1=" " ind2=" " tag="900"><subfield code="a">REROnoselfmerge</subfield></datafield></record>
</metadata></record>