<record><header><identifier>oai:alma.41SLSP_UGE:991000008229705502</identifier><datestamp>2024-02-21T01:20:34Z</datestamp><setSpec>uge_bcen_RapidILL_BOOK</setSpec><setSpec>uge_aaca_RapidILL_BOOK</setSpec><setSpec>uge_abels_RapidILL_BOOK</setSpec><setSpec>uge_dbu_RapidILL_BOOK</setSpec><setSpec>uge_cmu_RapidILL_BOOK</setSpec><setSpec>uge_mail_RapidILL_BOOK</setSpec><setSpec>uge_abbat_RapidILL_BOOK</setSpec><setSpec>UNIGE_ALL</setSpec><setSpec>uge_acar_RapidILL_BOOK</setSpec><setSpec>uge_aobs_RapidILL_BOOK</setSpec></header><metadata>
<record xmlns="http://www.loc.gov/MARC21/slim" xmlns:xsi="http://www.w3.org/2001/XMLSchema-instance" xsi:schemaLocation="http://www.loc.gov/MARC21/slim http://www.loc.gov/standards/marcxml/schema/MARC21slim.xsd"><leader>07012nam a2200757 c 4500</leader><controlfield tag="001">991000008229705502</controlfield><controlfield tag="005">20240219115346.0</controlfield><controlfield tag="008">201011s2009    xxu||||| |||| 00| ||eng d</controlfield><datafield ind1=" " ind2=" " tag="015"><subfield code="a">GBA944730</subfield><subfield code="2">bnb</subfield></datafield><datafield ind1="7" ind2=" " tag="016"><subfield code="a">B3042-001117</subfield><subfield code="2">SzZuIDS</subfield></datafield><datafield ind1=" " ind2=" " tag="020"><subfield code="a">0691140626</subfield><subfield code="q">hbk.</subfield><subfield code="c">£46.95</subfield></datafield><datafield ind1=" " ind2=" " tag="020"><subfield code="a">9780691140629</subfield><subfield code="q">hbk.</subfield><subfield code="c">£46.95</subfield></datafield><datafield ind1=" " ind2=" " tag="035"><subfield code="a">(swissbib)226317242-41slsp_network</subfield></datafield><datafield ind1=" " ind2=" " tag="035"><subfield code="a">226317242</subfield><subfield code="9">ExL</subfield></datafield><datafield ind1=" " ind2=" " tag="035"><subfield code="a">(RERO)R005392595-41slsp</subfield></datafield><datafield ind1=" " ind2=" " tag="035"><subfield code="a">(IDSSG)000511264HSB01</subfield></datafield><datafield ind1=" " ind2=" " tag="035"><subfield code="a">(NEBIS)005843319EBI01</subfield></datafield><datafield ind1=" " ind2=" " tag="035"><subfield code="a">(IDSBB)004915747DSV01</subfield></datafield><datafield ind1=" " ind2=" " tag="035"><subfield code="a">(SBT)000641378SBT01</subfield></datafield><datafield ind1=" " ind2=" " tag="035"><subfield code="a">(CH-UniLiZuSLS)991038564859705501</subfield></datafield><datafield ind1=" " ind2=" " tag="035"><subfield code="a">(UNILI)000366152LLB01</subfield></datafield><datafield ind1=" " ind2=" " tag="035"><subfield code="a">(EXLNZ-41SLSP_NETWORK)991038564859705501</subfield></datafield><datafield ind1=" " ind2=" " tag="040"><subfield code="a">RERO geussm</subfield><subfield code="d">CH-ZuSLS</subfield></datafield><datafield ind1=" " ind2="7" tag="072"><subfield code="a">ma</subfield><subfield code="2">rero</subfield></datafield><datafield ind1="0" ind2="4" tag="082"><subfield code="a">519.20113</subfield><subfield code="2">22</subfield></datafield><datafield ind1=" " ind2=" " tag="084"><subfield code="a">60W</subfield><subfield code="2">msc</subfield></datafield><datafield ind1=" " ind2=" " tag="084"><subfield code="a">60-01</subfield><subfield code="a">60Gxx</subfield><subfield code="a">60K25</subfield><subfield code="2">msc</subfield></datafield><datafield ind1=" " ind2=" " tag="084"><subfield code="a">QH 444</subfield><subfield code="2">rvk</subfield></datafield><datafield ind1=" " ind2=" " tag="084"><subfield code="a">SK 820</subfield><subfield code="2">rvk</subfield></datafield><datafield ind1="1" ind2=" " tag="100"><subfield code="a">Stewart, William J.</subfield><subfield code="d">1946-....</subfield><subfield code="0">(IDREF)031925979</subfield><subfield code="4">cre</subfield></datafield><datafield ind1="1" ind2="0" tag="245"><subfield code="a">Probability, Markov chains, queues, and simulation</subfield><subfield code="b">the mathematical basis of performance modeling</subfield><subfield code="c">William J. Stewart</subfield></datafield><datafield ind1=" " ind2="1" tag="264"><subfield code="a">Princeton</subfield><subfield code="b">Princeton University Press</subfield><subfield code="c">2009</subfield></datafield><datafield ind1=" " ind2=" " tag="300"><subfield code="a">758 p.</subfield><subfield code="b">ill.</subfield></datafield><datafield ind1=" " ind2=" " tag="336"><subfield code="b">txt</subfield><subfield code="2">rdacontent</subfield></datafield><datafield ind1=" " ind2=" " tag="337"><subfield code="b">n</subfield><subfield code="2">rdamedia</subfield></datafield><datafield ind1=" " ind2=" " tag="338"><subfield code="b">nc</subfield><subfield code="2">rdacarrier</subfield></datafield><datafield ind1=" " ind2=" " tag="504"><subfield code="a">Includes bibliographic references and index</subfield></datafield><datafield ind1=" " ind2=" " tag="520"><subfield code="a">&quot;Probability, Markov Chains, Queues, and Simulation&quot; provides a modern and authoritative treatment of the mathematical processes that underlie performance modeling. The detailed explanations of mathematical derivations and numerous illustrative examples make this textbook readily accessible to graduate and advanced undergraduate students taking courses in which stochastic processes play a fundamental role. The textbook is relevant to a wide variety of fields, including computer science, engineering, operations research, statistics, and mathematics. The textbook looks at the fundamentals of probability theory, from the basic concepts of set-based probability, through probability distributions, to bounds, limit theorems, and the laws of large numbers. Discrete and continuous-time Markov chains are analyzed from a theoretical and computational point of view. Topics include the Chapman-Kolmogorov equations; irreducibility; the potential, fundamental, and reachability matrices; random walk problems; reversibility; renewal processes; and the numerical computation of stationary and transient distributions. The M/M/1 queue and its extensions to more general birth-death processes are analyzed in detail, as are queues with phase-type arrival and service processes. The M/G/1 and G/M/1 queues are solved using embedded Markov chains; the busy period, residual service time, and priority scheduling are treated. Open and closed queueing networks are analyzed. The final part of the book addresses the mathematical basis of simulation. Each chapter of the textbook concludes with an extensive set of exercises.</subfield><subfield code="5">SBT/27.10.2010/BUL/RCG</subfield></datafield><datafield ind1=" " ind2="7" tag="650"><subfield code="a">Wahrscheinlichkeitstheorie</subfield><subfield code="0">(DE-588)4079013-7</subfield><subfield code="2">gnd</subfield></datafield><datafield ind1=" " ind2="7" tag="650"><subfield code="a">Markov-Kette</subfield><subfield code="0">(DE-588)4037612-6</subfield><subfield code="2">gnd</subfield></datafield><datafield ind1=" " ind2="7" tag="650"><subfield code="a">Markov-Prozess</subfield><subfield code="0">(DE-588)4134948-9</subfield><subfield code="2">gnd</subfield></datafield><datafield ind1=" " ind2="7" tag="650"><subfield code="a">Warteschlangentheorie</subfield><subfield code="0">(DE-588)4255044-0</subfield><subfield code="2">gnd</subfield></datafield><datafield ind1=" " ind2="7" tag="650"><subfield code="a">Computersimulation</subfield><subfield code="0">(DE-588)4148259-1</subfield><subfield code="2">gnd</subfield></datafield><datafield ind1=" " ind2="7" tag="650"><subfield code="a">Datenverarbeitungssystem</subfield><subfield code="0">(DE-588)4125229-9</subfield><subfield code="2">gnd</subfield></datafield><datafield ind1=" " ind2="7" tag="650"><subfield code="a">Leistungsbewertung</subfield><subfield code="0">(DE-588)4167271-9</subfield><subfield code="2">gnd</subfield></datafield><datafield ind1=" " ind2="7" tag="650"><subfield code="a">Mathematische Methode</subfield><subfield code="0">(DE-588)4155620-3</subfield><subfield code="2">gnd</subfield></datafield><datafield ind1=" " ind2="7" tag="650"><subfield code="a">LEHRBÜCHER (DOKUMENTENTYP)</subfield><subfield code="9">ger</subfield><subfield code="0">(ETHUDK)000000099</subfield><subfield code="2">ethudk</subfield></datafield><datafield ind1=" " ind2="7" tag="650"><subfield code="a">STOCHASTISCHE MODELLE + STOCHASTISCHE SIMULATION (WAHRSCHEINLICHKEITSRECHNUNG)</subfield><subfield code="9">ger</subfield><subfield code="0">(ETHUDK)000013525</subfield><subfield code="2">ethudk</subfield></datafield><datafield ind1=" " ind2="7" tag="650"><subfield code="a">WAHRSCHEINLICHKEITSTHEORIE UND STOCHASTISCHE PROZESSE (MATHEMATIK)</subfield><subfield code="9">ger</subfield><subfield code="0">(ETHUDK)000013522</subfield><subfield code="2">ethudk</subfield></datafield><datafield ind1=" " ind2="7" tag="650"><subfield code="a">WARTESCHLANGENTHEORIE (OPERATIONS RESEARCH)</subfield><subfield code="9">ger</subfield><subfield code="0">(ETHUDK)000013891</subfield><subfield code="2">ethudk</subfield></datafield><datafield ind1=" " ind2="0" tag="650"><subfield code="a">Probabilities</subfield><subfield code="x">Computer simulation</subfield></datafield><datafield ind1=" " ind2="0" tag="650"><subfield code="a">Markov processes</subfield></datafield><datafield ind1=" " ind2="0" tag="650"><subfield code="a">Queuing theory</subfield></datafield><datafield ind1=" " ind2="7" tag="650"><subfield code="a">Markovscher Prozess</subfield><subfield code="2">idsbb</subfield></datafield><datafield ind1=" " ind2="7" tag="650"><subfield code="a">Warteschlange</subfield><subfield code="2">idsbb</subfield></datafield><datafield ind1=" " ind2="7" tag="650"><subfield code="a">Wahrscheinlichkeit (Math.)</subfield><subfield code="2">idsbb</subfield></datafield><datafield ind1=" " ind2="7" tag="650"><subfield code="a">Computersimulation</subfield><subfield code="2">idsbb</subfield></datafield><datafield ind1=" " ind2=" " tag="690"><subfield code="a">Probability ; Equation ; Replacement ; Chain ; Iterative method ; Queue ; Simulation ; Performance model ; Absorption ; Function ; Expectation ; Judicial subject ; Classification ; Connector ; Discrete distribution ; Binomial distribution ; Poisson distribution ; Hypergeometric distribution ; Exponential distribution ; Gaussian distribution ; Gamma distribution ; Weibull distribution ; Axiom ; Elimination ; Factorization ; Approximation method ; Probability distribution ; Trial ; Permutation ; Performance reliability ; Limit theorem ; modeling ; Ordinary differential equation ; presentation ; Reversibility ; Transition probability ; Solution method ; Derivation ; Electric potential ; Matrix algebra ; Z transform ; Staging ; Stage ; Power method ; Convergence ; Aggregation method ; Combination ; Variance ; Queueing theory ; Effect measurement ; Effectiveness measure ; Chemical solution ; State property ; Notation ; Markov process ; Convolution ; Decomposition ; Discipline ; Inversion ; Mean time ; Sparse matrix ; Scaling ; Arrival ; Fault location ; Chapman ; pH ; Room ; Interstice ; Blocking ; Block ; Modelling ; Service model ; Robustness ; Performance measure ; Color difference formula ; Preface ; Event ; Art ; Random variable ; Transit rate ; State space ; Ph result ; Pairing ; Pair ; Precedence ; Scheduling ; Variable ; Maxima ; Minima ; Uniform ; Inequality ; Irreducibility ; Transient ; Queueing ; Transient behaviour ; Client ; Classing ; Class</subfield><subfield code="2">idssg-J</subfield></datafield><datafield ind1=" " ind2=" " tag="690"><subfield code="a">Stationary-Distribution ; Finite-Capacity ; Birth-Death ; Steady-State ; Phase-Type ; Discrete-Time ; Continuous-Time ; Finite-Source ; Single-Server</subfield><subfield code="2">idssg-J</subfield></datafield><datafield ind1=" " ind2=" " tag="690"><subfield code="a">Mathematical Basis; Conditional Distributions; Multinomial Distribution; General Phase-Type Distributions; Large Numbers; Stochastic Processes; Direct Methods; Stationary Distributions; Successive Overrelaxation; Analytic Methods; Structured Markov; Upper Hessenberg Markov; Basic Definitions; General Birth-Death Processes; Matrix-Geometric Method; Remaining Time</subfield><subfield code="2">idssg-J</subfield></datafield><datafield ind1=" " ind2=" " tag="690"><subfield code="a">State [100]; Princeton [28]; Oxford [28]</subfield><subfield code="2">idssg-J</subfield></datafield><datafield ind1=" " ind2=" " tag="690"><subfield code="a">Combinatorics; Erlang; Coxian; Chebychev; Chemoff; Kolmogorov; Jacobi; Hessenberg; Solvers; Kendall; Multiserver; oo; cf; euts; HoJX; Ht; Matlab; Pli; Pollaczek; Khintchine; M; K; H; G</subfield><subfield code="2">idssg-J</subfield></datafield><datafield ind1=" " ind2=" " tag="691"><subfield code="e">519.20113</subfield><subfield code="a">Probabilità. Modelli e simulazione all'elaboratore</subfield><subfield code="2">usi-TE</subfield></datafield><datafield ind1="4" ind2=" " tag="856"><subfield code="3">Titelblatt und Inhaltsverzeichnis</subfield><subfield code="u">https://toc.library.ethz.ch/objects/pdf/e01_978-0-691-14062-9_01.pdf</subfield><subfield code="q">pdf</subfield></datafield><datafield ind1="4" ind2=" " tag="856"><subfield code="3">Abstract / Autoreninformation</subfield><subfield code="u">https://toc.library.ethz.ch/objects/pdf/e01_978-0-691-14062-9_02.pdf</subfield><subfield code="q">pdf</subfield></datafield><datafield ind1=" " ind2=" " tag="911"><subfield code="a">100</subfield><subfield code="a">Stewart, William J</subfield><subfield code="d">1946-</subfield></datafield><datafield ind1=" " ind2=" " tag="949"><subfield code="a">https://toc.library.ethz.ch/objects/pdf/e01_978-0-691-14062-9_01.pdf</subfield></datafield><datafield ind1=" " ind2=" " tag="949"><subfield code="a">https://toc.library.ethz.ch/objects/pdf/e01_978-0-691-14062-9_02.pdf</subfield></datafield></record>
</metadata></record>