<record><header><identifier>oai:alma.41SLSP_UGE:991000007499705502</identifier><datestamp>2023-05-23T00:13:20Z</datestamp><setSpec>uge_bcen_RapidILL_BOOK</setSpec><setSpec>uge_aaca_RapidILL_BOOK</setSpec><setSpec>uge_abels_RapidILL_BOOK</setSpec><setSpec>uge_dbu_RapidILL_BOOK</setSpec><setSpec>uge_cmu_RapidILL_BOOK</setSpec><setSpec>uge_mail_RapidILL_BOOK</setSpec><setSpec>uge_abbat_RapidILL_BOOK</setSpec><setSpec>UNIGE_ALL</setSpec><setSpec>uge_aobs_RapidILL_BOOK</setSpec><setSpec>uge_acar_RapidILL_BOOK</setSpec></header><metadata>
<record xmlns="http://www.loc.gov/MARC21/slim" xmlns:xsi="http://www.w3.org/2001/XMLSchema-instance" xsi:schemaLocation="http://www.loc.gov/MARC21/slim http://www.loc.gov/standards/marcxml/schema/MARC21slim.xsd"><leader>01924nam a2200505 c 4500</leader><controlfield tag="001">991000007499705502</controlfield><controlfield tag="005">20230516183519.0</controlfield><controlfield tag="008">201011t19381938sz            00| | ger  </controlfield><datafield ind1=" " ind2=" " tag="035"><subfield code="a">(swissbib)214968820-41slsp_network</subfield></datafield><datafield ind1=" " ind2=" " tag="035"><subfield code="a">214968820</subfield><subfield code="9">ExL</subfield></datafield><datafield ind1=" " ind2=" " tag="035"><subfield code="a">(NEBIS)003949398EBI01</subfield></datafield><datafield ind1=" " ind2=" " tag="035"><subfield code="a">(RERO)0112508-41slsp</subfield></datafield><datafield ind1=" " ind2=" " tag="035"><subfield code="a">(IDSBB)002488937DSV01</subfield></datafield><datafield ind1=" " ind2=" " tag="035"><subfield code="a">(IDSLU)000341839ILU01</subfield></datafield><datafield ind1=" " ind2=" " tag="035"><subfield code="a">(EXLNZ-41SLSP_NETWORK)991109328449705501</subfield></datafield><datafield ind1=" " ind2=" " tag="040"><subfield code="a">FH-HGK</subfield><subfield code="b">ger</subfield><subfield code="e">rda</subfield><subfield code="d">CH-ZuSLS</subfield></datafield><datafield ind1="0" ind2=" " tag="041"><subfield code="a">ger</subfield></datafield><datafield ind1=" " ind2="7" tag="072"><subfield code="a">ba</subfield><subfield code="2">rero</subfield></datafield><datafield ind1=" " ind2="7" tag="072"><subfield code="a">ar</subfield><subfield code="2">rero</subfield></datafield><datafield ind1="1" ind2=" " tag="100"><subfield code="6">880-01</subfield><subfield code="a">Gerke, Friedrich</subfield><subfield code="d">1900-1966</subfield><subfield code="0">(IDREF)081823940</subfield><subfield code="4">cre</subfield></datafield><datafield ind1="1" ind2=" " tag="880"><subfield code="a">Gerke, Friedrich</subfield><subfield code="d">1900-1966</subfield><subfield code="6">100-01/(B</subfield><subfield code="4">aut</subfield><subfield code="0">(DE-588)118690760</subfield></datafield><datafield ind1="1" ind2="0" tag="245"><subfield code="a">Griechische Plastik in archaischer und klassischer Zeit</subfield><subfield code="c">Friedrich Gerke ; den Bildteil besorgte Martin Hürlimann</subfield></datafield><datafield ind1="1" ind2="3" tag="246"><subfield code="a">Griechische Plastik</subfield></datafield><datafield ind1=" " ind2="1" tag="264"><subfield code="a">Zürich</subfield><subfield code="a">Berlin</subfield><subfield code="b">Atlantis-Verlag</subfield><subfield code="c">[1938]</subfield></datafield><datafield ind1=" " ind2="4" tag="264"><subfield code="c">© 1938</subfield></datafield><datafield ind1=" " ind2=" " tag="300"><subfield code="a">LXXI, 264 Seiten</subfield><subfield code="b">Illustrationen</subfield><subfield code="c">32 cm</subfield></datafield><datafield ind1=" " ind2=" " tag="336"><subfield code="b">txt</subfield><subfield code="2">rdacontent</subfield></datafield><datafield ind1=" " ind2=" " tag="336"><subfield code="b">sti</subfield><subfield code="2">rdacontent</subfield></datafield><datafield ind1=" " ind2=" " tag="337"><subfield code="b">n</subfield><subfield code="2">rdamedia</subfield></datafield><datafield ind1=" " ind2=" " tag="338"><subfield code="b">nc</subfield><subfield code="2">rdacarrier</subfield></datafield><datafield ind1=" " ind2="7" tag="650"><subfield code="a">Plastik</subfield><subfield code="2">gnd</subfield><subfield code="0">(DE-588)4046277-8</subfield></datafield><datafield ind1=" " ind2="7" tag="650"><subfield code="a">Scultura greca</subfield><subfield code="0">(SBT12)000030496</subfield><subfield code="2">sbt12</subfield></datafield><datafield ind1=" " ind2="7" tag="651"><subfield code="a">Griechenland</subfield><subfield code="g">Altertum</subfield><subfield code="2">gnd</subfield><subfield code="0">(DE-588)4093976-5</subfield></datafield><datafield ind1=" " ind2="7" tag="655"><subfield code="a">Bildband</subfield><subfield code="2">gnd-content</subfield></datafield><datafield ind1=" " ind2="7" tag="650"><subfield code="a">800 av. J.-C.-323 av. J.-C.</subfield><subfield code="2">idref</subfield></datafield><datafield ind1=" " ind2="7" tag="650"><subfield code="a">Sculpture grecque</subfield><subfield code="0">(IDREF)027248445</subfield><subfield code="2">idref</subfield></datafield><datafield ind1=" " ind2=" " tag="690"><subfield code="a">Antike</subfield><subfield code="2">rzs-L3</subfield></datafield><datafield ind1=" " ind2=" " tag="690"><subfield code="a">Griechenland</subfield><subfield code="2">rzs-L3</subfield></datafield><datafield ind1=" " ind2=" " tag="690"><subfield code="a">Plastik</subfield><subfield code="2">rzs-L3</subfield></datafield><datafield ind1=" " ind2=" " tag="691"><subfield code="e">700.032.6(38)</subfield><subfield code="2">usi-TM</subfield></datafield><datafield ind1=" " ind2="7" tag="651"><subfield code="a">Grèce</subfield><subfield code="y">499-323 av. J.-C. (Époque classique)</subfield><subfield code="0">(IDREF)027433692</subfield><subfield code="2">idref</subfield></datafield><datafield ind1=" " ind2="7" tag="651"><subfield code="a">Grèce</subfield><subfield code="y">800-500 av. J.-C. (Époque archaïque)</subfield><subfield code="0">(IDREF)027433684</subfield><subfield code="2">idref</subfield></datafield><datafield ind1="1" ind2=" " tag="700"><subfield code="a">Hürlimann, Martin</subfield><subfield code="d">1897-1984</subfield><subfield code="0">(DE-588)118554433</subfield><subfield code="4">pht</subfield></datafield><datafield ind1=" " ind2=" " tag="900"><subfield code="a">IDSZRMedeaZBZ</subfield><subfield code="b">IDSZRSWK</subfield></datafield><datafield ind1=" " ind2=" " tag="900"><subfield code="f">IDSU2medea</subfield></datafield><datafield ind1=" " ind2=" " tag="900"><subfield code="a">IDSZ1ZH</subfield></datafield></record>
</metadata></record>